2940 4884
579 438 750 486 nmsroul
774 434 904 490 cinnas
1173 422 1215 489 81

260 592 390 659 inimici
406 595 450 659 ad
464 597 715 678 pugnanduml
768 597 814 661 Et
830 598 907 680 quis
928 597 1214 680 eorum‘corporis

233 735 236 742 -
259 700 368 773 tactu,
384 697 511 760 mortui
523 697 654 763 scilicet
668 698 809 776 mundo,
826 698 974 763 viventis
990 706 1106 762 autem
1123 699 1210 776 Deo,

259 794 318 858 alii
332 796 469 861 diverso
484 797 604 860 funere
618 799 813 875 occubanti,
827 798 1052 880 proculdubio
1073 807 1210 864 mortuo

259 894 347 973 Deo,
365 897 459 961 vitiis
481 917 562 961 vero
584 898 727 975 viventi,
752 899 852 981 quasi
876 898 1108 981 supradictus,
1129 919 1209 982 pro-

229 993 360 1072 ⁵ficiet,
384 995 435 1060 ita
457 1004 497 1061 ut
510 998 628 1061 statim
643 998 825 1080 prosiliens
843 997 982 1063 Christo
1008 1006 1124 1080 grates
1145 1021 1211 1082 pro

257 1096 407 1160 sanitate
423 1104 507 1179 agat
522 1104 723 1162 cunctorum
746 1119 834 1180 pene
858 1099 1053 1162 mortalium
1075 1119 1134 1163 ore
1148 1099 1208 1164 dea

257 1198 422 1277 speratai
476 1196 585 1281 Cujus
600 1197 719 1262 eorum
740 1200 888 1262 carbone
901 1199 1013 1281 ignito
1039 1199 1082 1262 de
1098 1199 1208 1263 ‘altari

257 1293 386 1379 forcipe
418 1295 590 1361 Cherubin
615 1298 772 1376 advect0,
795 1306 835 1362 ut
861 1306 1007 1381 peccata
1026 1317 1091 1362 sua
1114 1300 1208 1364 dele·

255 1402 374 1459 rentur
396 1395 589 1461 humilitate
615 1397 850 1476 confessionis
879 1399 982 1477 labia,
1012 1405 1051 1462 ut
1078 1399 1206 1478 Esaiae,

210 1513 242 1558 ro
254 1497 420 1560 mundata
444 1505 536 1575 sunt,
559 1505 594 1562 et
617 1497 746 1562 efficaci
771 1499 928 1564 oratione
953 1499 1018 1563 sibi
1042 1498 1208 1582 adjuncta

254 1595 301 1677 pii
330 1597 421 1679 regis
447 1597 604 1662 Ezechiae
635 1599 917 1682 supplantatione
943 1605 1080 1663 centum
1110 1606 1206 1663 octo-

253 1695 352 1775 ginta
371 1698 522 1780 quinque
543 1698 651 1762 millia
672 1700 845 1764 exercitus
857 1697 1092 1784 Assyriorum,
1111 1700 1207 1764 nullo

253 1805 442 1878 apparente
457 1798 608 1863 vulneris
622 1800 783 1882 vestigio,
808 1800 924 1882 angeli
946 1818 1064 1875 manu,
1084 1806 1124 1862 ut
1147 1818 1205 1863 su·

252 1897 412 1976 predicti,
434 1906 609 1980 prostrata
634 1902 742 1983 sunt?
795 1898 884 1978 Quis
907 1919 1024 1963 eorum
1047 1899 1091 1963 ob
1115 1919 1204 1981 prae-

208 2009 238 2055 15
253 2004 355 2078 cepta
380 1999 459 2075 Dei,
476 2006 512 2063 et
533 2000 645 2062 minas
667 2000 806 2064 coelitus
827 2000 939 2077 datas
955 1999 1205 2081 veritatemque

252 2096 308 2160 vel
330 2117 400 2161 non
426 2098 643 2163 audientibus
669 2099 922 2182 proferendam,
941 2098 1119 2181 squalores
1144 2119 1204 2181 pe-

253 2195 421 2280 doresque
440 2219 626 2277 carcerum,
655 2205 695 2263 ut
720 2206 978 2262 momentaneas
1001 2205 1144 2275 morteS,
1164 2207 1204 2262 ut

252 2295 375 2361 beatus
391 2298 415 2362 J
417 2300 573 2377 eremias
597 2300 758 2382 excepitl
812 2298 858 2363 Et
879 2319 922 2362 ne
941 2298 1061 2361 multa.
1114 2297 1203 2377 Quis

252 2415 382 2475 eorum,
396 2395 435 2462 ut
451 2399 622 2481 Magister
633 2399 799 2463 Gentium
813 2399 914 2476 dixit,
929 2418 1043 2462 errare
1056 2397 1092 2460 in
1106 2418 1203 2462 mon-

205 2518 238 2563 ao
251 2497 356 2576 tibus,
370 2506 407 2562 et
426 2499 463 2562 in
490 2500 675 2582 speluncis
691 2507 726 2562 et
748 2501 784 2563 in
807 2499 964 2564 cavernis
984 2505 1099 2575 terrae,
1114 2497 1203 2581 lapi-

251 2595 338 2674 dari,
354 2599 476 2676 secari,
491 2600 599 2663 totius
615 2600 735 2663 mortis
752 2619 877 2681 genere
895 2618 958 2682 pro
975 2599 1112 2662 nomine
1129 2599 1203 2662 Do-

250 2697 334 2760 mini
356 2700 533 2777 attentari,
558 2700 647 2762 sicut
672 2701 784 2763 sancti
806 2698 997 2781 prophetae,
1019 2717 1203 2780 perpessus

251 2799 328 2862 esti

302 2897 388 2981 §aa
423 2899 491 2963 Sed
519 2899 642 2982 quid
633 2920 854 2965 immoramur
880 2901 916 2964 in
945 2899 1112 2982 exemplis
1143 2918 1202 2963 ve·
1216 2913 1330 2963 Eamus

1213 2966 1269 3004 from
1286 2965 1323 3003 the

204 3019 235 3064 es
251 2998 392 3076 teribus,
408 3001 480 3063 acsi
494 3020 564 3064 non
579 3003 725 3065 essent
715 3022 752 3065 rn
776 3000 880 3066 Novo
898 3000 992 3064 ullal
1044 2997 1267 3064 AudiantNew
1282 3015 1356 3054 Tota-

249 3097 368 3180 itaque
383 3119 446 3163 nos
449 3103 532 3183 q,ui
548 3103 677 3183 absque
700 3101 772 3165 ullo
794 3102 912 3165 labore
928 3107 1115 3182 angustum
1137 3067 1280 3164 hocmen

250 3196 316 3261 iter
341 3197 548 3264 Christianae
573 3201 762 3282 religionis,
791 3208 961 3284 praetento
985 3207 1122 3264 tantum
1145 3218 1201 3264 sa-

249 3299 416 3362 cerdotali
450 3301 600 3378 nomine,
630 3302 759 3364 intrare
789 3319 827 3364 se
854 3307 991 3382 putant,
1021 3306 1203 3382 carpentes

249 3415 379 3478 paucos
404 3398 517 3476 flores,
542 3399 652 3464 veluti
682 3418 834 3463 summos
864 3399 907 3462 de
933 3399 1028 3463 Novi
1059 3405 1202 3462 extento

203 3517 236 3563 so
250 3504 448 3561 sanctorum
462 3497 679 3563 Testamenti
694 3507 856 3582 tyronum
872 3518 1078 3581 amoenoque
1089 3505 1201 3580 prato.

250 3594 339 3674 Quis
364 3605 528 3676 vestrum,
551 3599 611 3681 qui
635 3600 780 3682 torpetis
803 3599 919 3682 potius
945 3618 1050 3681 quam
1074 3598 1203 3661 sedetis

248 3694 401 3778 legitime
423 3699 459 3761 in
487 3699 694 3763 sacerdotali
719 3700 813 3776 sede,
840 3699 971 3784 ejectus
994 3699 1036 3762 de
1059 3697 1203 3762 consilio

247 3796 442 3880 impiorum,
467 3806 547 3882 post
572 3799 785 3864 diversarum
811 3800 934 3883 plagas
953 3799 1142 3882 virgarum,
1163 3806 1203 3863 ut

283 4092 425 4158 ³Mortuo.]
446 4099 552 4162 Mortui,
564 4100 598 4150 Β.
775 4098 795 4127 ²⁵
807 4097 898 4170 Nova]
917 4102 1001 4160 Nova,
1014 4101 1048 4150 Β.

283 4163 367 4217 ⁴Deo.
405 4170 459 4218 Om.
472 4170 506 4219 B.
774 4165 795 4204 ²7
807 4172 920 4221 Tantum.
953 4171 1043 4231 Tanto,
1057 4170 1089 4219 B.

285 4233 304 4265 ¹⁶
320 4162 388 4305 Vehl
407 4239 493 4301 Quod,
505 4240 538 4288 Β.
772 4236 791 4270 ³¹
807 4167 940 4308 ravanal
957 4241 1085 4301 Torperis,
1098 4240 1131 4289 Β.

993 4316 1052 4378 {lc
