2940 4884
563 423 735 472 urrsrocn
758 424 887 473 omnm.
1162 413 1205 477 71

247 581 435 665 patientur.
488 580 573 646 Non
602 582 694 646 euim
722 603 888 666 personas
917 584 1109 664 subtrahet,
1143 588 1204 671 qui

249 689 303 746 est
325 683 477 746 omnium
504 683 721 764 dominator3
746 704 810 748 nec
832 687 1046 751 reverebitur
1068 689 1203 768 magni·

250 783 404 848 tudinem
427 784 643 868 cujusquam,
670 786 835 867 quoniam
856 788 1020 869 pusillum
1040 794 1076 852 et
1104 807 1202 871 mag-

250 903 332 946 num
355 885 429 967 ipse
443 884 537 962 secit,
559 892 595 949 et
609 886 790 968 aequaliter
812 907 896 950 cura
909 895 963 953 est
978 889 1029 952 illi
1051 909 1114 972 pro
1128 909 1201 953 om-

220 985 362 1050 snibus.
416 985 631 1050 Fortioribus
669 994 786 1051 autem
822 987 944 1052 sortior
979 991 1088 1054 instat
1124 1009 1202 1053 cru·

249 1086 365 1149 ciatio.
418 1083 553 1150 Adros
570 1106 653 1169 ergo
668 1107 768 1170 reges
783 1087 820 1151 hi
834 1097 916 1152 sunt
933 1109 1108 1154 sermones
1122 1092 1202 1169 mei,

245 1193 289 1250 -ut
315 1186 457 1251 discatis
486 1188 704 1269 sapientiam,
737 1196 773 1252 et
801 1208 871 1253 non
900 1189 1077 1255 decidatis.
1130 1190 1201 1271 Qui

250 1287 341 1351 enim
365 1287 598 1370 ,custodierint
621 1287 721 1372 justa
744 1289 1041 1374 justificabuntur,
1077 1299 1112 1356 et
1141 1293 1201 1375 qui

248 1388 431 1453 didicerint
445 1395 567 1452 sancta
581 1389 899 1455 sanctificabuntur.

201 1501 236 1547 io
300 1489 318 1573 §
333 1488 388 1554 64.
413 1488 595 1554 Hactenus
610 1510 689 1554 oum
701 1491 839 1572 regibus
852 1491 987 1574 patriae,
1003 1512 1073 1557 uon
1088 1494 1201 1558 minus
1212 1508 1348 1601 male·

247 1590 495 1673 prophetarum
522 1592 669 1655 oraculis
695 1610 799 1674 quam
821 1594 950 1657 nostris
975 1595 1318 1673 sermonibus,·eaeu=.

249 1690 536 1774 disceptavimus3
559 1693 716 1757 volentes
739 1712 799 1756 eos
821 1694 909 1758 scire
931 1713 1009 1777 quac
1032 1696 1203 1779 propheta

250 1791 398 1870 dixerat,
415 1791 538 1872 Quasi,
553 1793 726 1876 inquiens,
740 1813 762 1857 a
776 1793 864 1858 facie
879 1795 1011 1864 colubri
1024 1795 1106 1878 fuge
1121 1813 1202 1879 pec·

204 1900 209 1904 “
250 1900 349 1973 cata;
371 1893 403 1974 si
418 1895 602 1959 accesseris
617 1894 662 1979 ad
683 1895 743 1959 illa
764 1896 955 1978 suscipient
968 1903 1014 1961 te.
1068 1896 1201 1961 Dentes

206 1992 359 2057 aleonis
381 1993 501 2059 dentes
524 2014 654 2073 eorum,
676 1995 920 2060 interficientes
941 1996 1074 2060 animas
1092 1997 1202 2062 homi-

250 2113 344 2159 num.
397 2095 444 2159 Et
457 2097 593 2173 iterum,
610 2095 725 2174 Quam
736 2115 865 2177 magna
878 2097 1113 2161 misericordia
1128 2098 1201 2162 Do-

249 2195 346 2272 mini,
374 2202 410 2260 et
439 2197 639 2279 propitiatio
669 2196 744 2280 ejus
776 2198 1056 2262 convertentibus
1082 2198 1126 2262 ad
1151 2217 1200 2263 se.

249 2295 297 2360 Et
323 2296 354 2359 si
378 2316 449 2360 non
473 2296 639 2361 habemus
664 2297 702 2359 in
725 2296 825 2361 nobis
849 2297 935 2360 illud
961 2298 1200 2381 apostolicum,

250 2403 290 2460 ut
326 2396 492 2475 dicamus,
528 2396 703 2480 Optabam
740 2398 831 2462 enim
865 2399 1051 2463 anathema
1074 2419 1152 2463 esse
1180 2419 1202 2464 a

204 2506 237 2553 2⁰
252 2496 391 2562 Christo
414 2519 477 2581 pro
497 2497 661 2562 iratribus
687 2497 783 2576 meis,
808 2505 925 2564 tamen
946 2499 1032 2563 illud
1054 2500 1203 2585 prophe·

250 2599 356 2662 ticum
374 2599 569 2663 totocorde
587 2598 757 2683 possimus
775 2599 900 2678 dicere,
921 2599 1004 2664 Heu
1021 2601 1104 2683 quia
1129 2602 1203 2664 ani-

249 2719 308 2765 ma
330 2700 438 2781 perit!
491 2700 538 2764 Et
562 2700 698 2778 iterum,
723 2700 922 2765 Scrutemur
947 2701 1023 2765 vias
1053 2708 1203 2780 nostras,

248 2806 286 2863 et
315 2820 522 2882 quaeramus,
549 2808 584 2865 et
609 2807 823 2866 revertamur
848 2800 892 2864 ad
920 2801 1127 2881 Dominum3
1153 2803 1203 2865 le·

250 2921 370 2966 vemus
395 2901 500 2967 corda
528 2909 650 2966 nostra
674 2921 752 2966 cum
776 2903 934 2966 manibus
961 2901 1005 2967 ad
1030 2903 1143 2967 Deum
1166 2903 1204 2968 in

205 3023 237 3068 ns
250 3000 352 3066 coelo.
404 3002 472 3066 Sed
501 3010 538 3067 et
561 3003 648 3067 illud
676 3003 847 3087 apostoli;
883 3002 1050 3086 Oupimus
1079 3022 1203 3067 unum-

251 3120 421 3186 quemque
434 3111 587 3168 vestrum
601 3105 638 3168 in
653 3104 843 3169 visceribus
859 3104 990 3169 Christi
1003 3123 1089 3168 esse.

303 3203 389 3286 §es
414 3204 528 3283 Quam
558 3206 649 3269 enim
683 3205 830 3270 libenter
856 3205 923 3269 hoc
950 3206 986 3268 in
1016 3205 1103 3282 loco,
1133 3205 1206 3268 acsi
1217 3214 1263 3254 The
1282 3224 1366 3264 retorn-

251 3305 394 3367 marinis
421 3305 581 3370 fluctibus
603 3306 770 3390 JactatuS,
800 3313 835 3369 et
859 3306 896 3368 in
918 3312 1039 3387 optato
1064 3265 1345 3370 evectusiihiiiii

252 3411 355 3487 portu
371 3406 486 3483 remis,
508 3407 539 3468 si
552 3425 622 3469 non
643 3413 761 3470 tantos
781 3406 937 3487 talesque
957 3406 1099 3469 malitiae
1114 3407 1204 3487 epis·
1217 3364 1351 3415 mm

208 3524 239 3568 ao
253 3525 417 3588 coporum
438 3506 494 3571 vel
521 3512 711 3570 ceterorum
737 3506 955 3570 sacerdotum
980 3513 1041 3569 aut
1063 3506 1205 3569 clerico·

253 3627 341 3684 rum,
375 3607 413 3670 in
439 3612 560 3672 nostro
593 3626 729 3690 quoque
764 3607 884 3670 ordine
918 3605 1004 3687 erigi
1039 3605 1204 3670 adversus

254 3707 367 3771 Deum
378 3707 540 3773 vidissem
557 3715 704 3786 montes,
722 3726 809 3791 quos
823 3726 878 3771 me
890 3706 1078 3770 secundum
1093 3707 1205 3790 legem

254 3827 317 3872 ceu
332 3816 439 3874 testes
454 3811 602 3892 primum
624 3809 719 3872 duris
736 3810 919 3874 verborum
937 3807 1108 3886 cautibus,
1126 3808 1205 3871 dein
1298 3883 1301 3890 ἱ

255 3911 432 3992 populum,
453 3911 483 3974 si
504 3917 621 3976 tamen
643 3910 879 3974 sanctionibus
896 3909 1054 3987 inhaeret,
1074 3928 1145 3972 non
1166 3915 1206 3972 ut

292 4084 312 4117 ¹²
349 4088 494 4152 Propheta]
534 4087 718 4152 Ecclesiastici,
779 4082 800 4116 ²²
817 4085 980 4148 Stratonem]
993 4085 1106 4134 Lament.
1116 4084 1153 4134 iii.
1166 4087 1212 4147 40,

256 4158 311 4208 xxi.
323 4163 355 4221 23
365 4161 428 4210 xvii.
440 4163 482 4209 27.
745 4161 786 4207 41.

292 4226 312 4259 ¹⁹
331 4229 472 4294 nn,
624 4232 646 4279 ³·
781 4221 1187 4360 uzant

417 4338 424 4346 .
942 4332 948 4346 .
1002 4332 1026 4358 .,
1189 4329 1195 4343 .
