2940 4884
578 411 749 459 urrsrocn
772 411 901 459 creon.
1149 397 1217 464 113

258 567 502 647 sacerdotium,
518 589 602 651 gens
618 579 752 650 sancta,
765 571 913 655 populus
927 569 964 634 in
979 569 1212 653 adoptionem,

228 710 229 713 ,
260 673 299 728 ut
324 668 470 733 virtutes
492 671 707 735 annuncietis
730 671 888 755 ejusqui
911 671 953 734 de
976 671 1126 734 tenebris
1149 692 1212 737 vos

260 769 400 832 vocavit
427 770 463 832 in
491 769 576 834 illud
604 777 677 835 tarn
708 771 908 835 admirabile
945 771 1062 834 lumen
1098 790 1210 852 suum.

261 864 344 929 Non
367 868 478 932 solum
501 871 593 933 enim
615 891 678 952 per
699 891 762 937 vos
785 872 931 935 virtutes
955 871 1023 944 Dei
1053 890 1124 935 non
1148 891 1211 952 an·

231 968 479 1047 enunciantur‚
502 969 563 1032 sed
591 971 694 1034 etiam
724 971 938 1052 pravissimis
968 971 1093 1034 vestris
1118 974 1211 1054 apud

258 1065 453 1132 incredulos
472 1087 627 1150 quosque
650 1070 885 1153 despiciuntur
902 1071 1081 1152 exemplis,
1133 1070 1208 1136 Au-

258 1165 358 1230 distis
372 1167 461 1232 ferte
477 1169 514 1232 in
530 1169 649 1232 eodem
669 1169 735 1247 die,
759 1170 851 1253 quod
865 1171 903 1233 in
918 1170 1082 1233 Lectione
1096 1168 1209 1236 Actus

257 1262 506 1348 Apostolorum
528 1268 655 1333 lectum
677 1277 752 1350 est3
782 1269 888 1334 Petro
910 1270 947 1332 in
969 1269 1080 1334 medio
1105 1270 1208 1335 disci-

257 1366 417 1447 pulorum
434 1375 597 1450 surgente
615 1369 675 1451 qui
696 1369 797 1448 dixit,
814 1369 893 1433 Viri
913 1368 1049 1445 fratres,
1071 1378 1209 1451 oportet

213 1482 245 1527 ro
257 1463 470 1548 Scripturam
484 1467 628 1550 impleri,
645 1488 749 1550 quam
763 1467 927 1552 praedixit
938 1468 1087 1550 Spiritus
1099 1469 1207 1535 Sanc-

255 1571 313 1628 tus
340 1569 401 1648 per
418 1577 458 1631 os
478 1567 594 1631 David
616 1568 658 1632 de
675 1568 781 1633 Juda.
835 1569 882 1633 Et
900 1568 1005 1650 paulo
1023 1576 1115 1649 post,
1137 1568 1208 1634 Hic

256 1664 374 1747 itaque
398 1668 581 1749 acquisivit
606 1688 728 1750 agrum
753 1668 796 1732 de
818 1668 973 1732 mercede
1001 1668 1205 1750 iniquitatis.

257 1762 338 1828 Hoc
364 1785 484 1830 securo
508 1767 624 1832 hebeti
649 1769 763 1845 corde,
786 1769 843 1833 vel
867 1769 983 1851 potius
1008 1768 1108 1848 quasi
1137 1788 1206 1832 non

256 1863 415 1929 devehis
436 1867 563 1932 lectum
586 1867 719 1946 luisset,
740 1868 897 1931 audistis.
951 1865 1051 1945 Qum,
1074 1887 1206 1949 quaeso,

207 1982 242 2026 ra
255 1972 408 2029 vestrum
432 1987 503 2030 non
528 1968 657 2049 quaerit*
675 1987 797 2049 agrum
825 1967 868 2030 de
896 1966 1052 2030 mercede
1078 1967 1205 2050 iniqui-

254 2065 364 2132 tatist
416 2064 528 2129 Judas
558 2086 707 2148 namque
733 2066 865 2130 loculos
892 2066 1112 2146 compilabat,
1142 2087 1205 2131 vos

255 2163 420 2228 Ecclesiae
444 2164 586 2230 donaria
612 2166 827 2248 filiorumque
856 2166 989 2228 animas
1020 2165 1095 2248 ejus
1124 2186 1203 2230 vas-

253 2264 348 2327 tatis.
402 2263 468 2327 Ille
496 2265 582 2328 adiit
611 2264 767 2343 Judaeos,
798 2271 838 2329 ut
867 2266 981 2329 Deum
1017 2265 1202 2346 venderet;

253 2383 316 2427 vos
345 2370 512 2446 tyrannos
537 2371 573 2428 et
602 2371 736 2447 patrem
766 2372 920 2429 vestrum
951 2363 1136 2442 diabolum,
1163 2373 1203 2430 ut

207 2478 241 2523 ao
253 2461 429 2526 Christum
451 2464 659 2546 despiciatis.
712 2465 779 2529 Ille
796 2463 940 2545 triginta
955 2465 1129 2545 argenteis
1143 2485 1202 2530 ve·

251 2563 365 2627 nalem
387 2564 509 2629 habuit
533 2565 685 2628 omnium
711 2564 939 2641 Salvatorem,
965 2583 1028 2629 vos
1055 2564 1112 2628 vel
1133 2584 1202 2630 uno

251 2663 364 2728 obolo.

304 2763 412 2847 §loa
438 2762 531 2842 Quid
553 2765 677 2848 plural
731 2765 858 2829 Fertur
873 2765 970 2828 vobis
993 2763 1031 2828 in
1053 2764 1203 2828 medium

253 2862 414 2928 Matthiae
455 2865 492 2926 in
533 2865 769 2929 confusionem
805 2869 955 2929 vestram
995 2865 1202 2946 exemplum,

204 2986 241 3031 ,aa
254 2971 452 3027 sanctorum
484 2983 621 3047 quoque
656 2963 904 3047 Apostolorum
937 2964 1116 3041 electione,
1146 2964 1202 3028 vel

249 3063 381 3146 judicio
410 3062 551 3141 Christi,
581 3085 652 3128 non
685 3065 826 3147 propria
857 3064 1047 3141 voluntate,
1076 3064 1201 3141 sortiti,

254 3163 298 3226 ad
323 3164 414 3246 quod
439 3164 523 3228 caeci
547 3164 659 3228 effecti
684 3185 754 3228 non
775 3164 900 3228 videtis
923 3183 1026 3245 quam
1051 3163 1155 3245 longe
1180 3183 1202 3228 a

253 3264 384 3327 meritis
410 3263 485 3346 ejus
511 3262 658 3341 distetis,
687 3263 768 3327 dum
794 3263 831 3325 in
858 3282 1009 3326 amorem
1038 3269 1074 3325 et
1101 3262 1200 3325 effec-

253 3369 327 3426 tum
343 3362 366 3425 J
368 3362 445 3425 udae
466 3362 642 3426 traditoris
660 3370 782 3444 sponte
802 3361 990 3425 corruistis.
1043 3358 1202 3444 Apparet

207 3481 335 3544 aoergo
362 3481 452 3539 eum,
481 3461 541 3543 qui
568 3481 631 3526 vos
661 3461 857 3526 sacerdotes
883 3461 995 3525 sciens
1024 3480 1069 3538 err
1099 3460 1201 3524 corde

251 3562 346 3639 dicit,
361 3581 432 3625 non
446 3580 522 3624 esse
537 3561 701 3624 eximium
718 3560 963 3625 Christianum.
1002 3559 1093 3624 Sane
1108 3559 1200 3643 quod

250 3662 375 3738 sentio,
409 3661 593 3744 proferam.
660 3660 786 3725 Posset
818 3661 956 3742 quidem
986 3659 1098 3723 lenior
1126 3658 1201 3722 fieri

246 3763 459 3847 uincrepatio;
484 3761 544 3825 sed
568 3760 650 3843 quid
670 3760 763 3825 valet
785 3761 911 3824 vulnus
934 3779 1040 3824 manu
1063 3764 1199 3824 tantum

284 3985 294 4017 ⁴
311 3986 520 4053 denunciantur]
536 3989 568 4040 V,
580 3988 712 4038 hereadda
772 3985 793 4018 ¹³
811 3987 911 4050 Quom]
928 3987 957 4037 V.
968 4001 975 4046 ;
986 3999 1032 4035 ona
1045 3985 1079 4033 Β.

249 4057 306 4106 ‘vel
317 4059 496 4108 meliorantur!
773 4055 794 4088 ¹⁸
805 4051 939 4124 Namque]
953 4056 1070 4116 Quoque,
1087 4053 1117 4103 V.

150 4159 152 4161 -
251 4123 295 4245 18⁷
311 4126 389 4176 Actus
411 4126 601 4192 Apostolorum]
624 4129 642 4178 i.
671 4133 712 4191 15,
773 4125 793 4155 ³³
814 4127 906 4189 Volet]
923 4125 1095 4186 B.;prodest,
1111 4123 1141 4171 V.

988 4293 1045 4356 31
