2842 4876
237 318 302 382 110
558 331 731 381 urrerem
754 331 884 379 erens.

239 492 300 568 uit,
323 489 466 573 Semper
488 489 673 567 discentes,
696 495 733 554 et
754 507 932 571 nunquam
954 488 1000 552 ad
1018 487 1204 552 scientiam

240 591 397 656 veritatis
411 591 663 674 pervenientes,
688 589 989 668 Quemadmodum
1004 589 1099 652 enim
1115 588 1139 652 J
1142 607 1203 651 an-

241 711 302 755 nes
333 698 369 754 et
397 690 576 755 Mambrae
604 690 807 754 restiterunt
835 688 966 772 Moysi,
995 689 1047 753 ita
1080 695 1118 753 et
1146 688 1204 751 isti

240 791 407 855 resistunt
434 791 592 870 veritati3
622 790 779 854 homines
803 790 958 873 corrupti
985 795 1118 867 mente,
1149 808 1202 852 re-

239 890 339 974 probi
360 892 453 956 circu
475 890 589 967 fidem,
611 891 673 954 sed
695 890 788 954 ultra
803 910 873 954 non
892 889 1087 973 proficient.
1142 888 1203 952 In·
1231 908 1245 950 ε

240 991 404 1074 sipientia
435 992 526 1056 enim
559 1011 677 1055 eorum
714 990 900 1056 manifesta
933 991 1001 1055 erit
1040 988 1203 1053 omnihus

241 1091 331 1156 sicut
345 1099 380 1155 et
391 1091 529 1155 illorum
546 1090 623 1155 fuit.

292 1190 401 1275 §lou
425 1192 564 1256 Etenim
591 1191 769 1256 evidenter
801 1191 954 1255 ostendit
983 1190 1139 1273 qualiter
1166 1208 1204 1253 se

241 1292 430 1356 exhibeant
456 1311 519 1355 suo
549 1289 662 1355 officio
688 1290 897 1369 sacerdotes,
927 1292 979 1355 ita
1006 1291 1053 1355 ad
1080 1290 1204 1355 Titum

241 1392 407 1469 scribens,
437 1391 489 1455 Te
517 1392 631 1473 ipsum
661 1392 777 1474 praebe
807 1391 1004 1474 exemplum
1031 1392 1204 1454 bonorum
1218 1409 1249 1456 ro

242 1510 396 1573 operum,
419 1492 454 1555 in
476 1491 647 1569 doctrina,
669 1492 706 1555 in
724 1491 938 1574 integritate,
960 1492 997 1554 in
1013 1492 1204 1573 gravitate,

242 1592 384 1655 verbum
402 1611 524 1656 sanum
540 1592 683 1669 habens,
705 1591 1016 1675 irreprehensibile,
1039 1599 1081 1655 ut
1096 1591 1128 1654 is
1145 1591 1205 1675 qui

243 1710 289 1753 ex
311 1690 457 1755 adverso
480 1698 534 1756 est
555 1700 727 1770 vereatur,
751 1691 883 1756 nullum
912 1693 1042 1755 malum
1069 1691 1205 1756 hahens

243 1790 356 1855 dicere
377 1791 420 1855 de
443 1793 553 1857 nohis.
607 1793 654 1857 Et
667 1793 792 1857 iterum
814 1793 859 1857 ad
874 1791 1109 1877 Timotheum,
1135 1791 1205 1855 La·

243 1891 339 1968 hora,
371 1891 497 1975 inquit,
531 1893 622 1956 sicut
654 1894 766 1958 honus
801 1893 900 1957 miles
936 1892 1067 1957 Christi
1100 1891 1204 1957 Jesu.
1218 1907 1248 1951 rs

245 1991 359 2056 Nemo
385 1992 539 2057 militans
569 1993 646 2057 Deo
671 1993 827 2075 imphcat
856 2014 895 2058 se
924 1993 1073 2075 negotiis
1102 2012 1204 2057 secu-

244 2091 386 2171 laribus,
417 2101 457 2157 ut
483 2092 621 2176 placeat
648 2093 692 2170 ei,
720 2093 776 2156 cui
799 2113 838 2158 se
867 2094 1039 2178 probavit.
1107 2093 1204 2158 Nam

245 2199 280 2255 et
308 2192 368 2275 qui
395 2192 573 2257 contendit
601 2193 638 2256 in
667 2212 780 2275 agone
808 2214 879 2258 non
908 2200 1106 2270 coronatur,
1138 2195 1206 2257 nisi

245 2290 397 2372 legitime
419 2294 615 2358 certaverit.
669 2292 760 2358 Haec
785 2294 923 2376 quidem
948 2295 1118 2358 bonorum
1141 2294 1205 2358 ad-

245 2389 410 2457 hortatio.
463 2392 567 2472 Quod
603 2414 687 2458 vero
723 2394 806 2458 item
832 2394 1104 2477 comprehendit,
1128 2407 1250 2458 rna-re

245 2490 356 2554 lorum
382 2493 571 2572 hominum,
595 2502 635 2557 ut
663 2514 724 2558 vos
750 2494 944 2577 quibusque
974 2495 1205 2578 intelligenti-

245 2592 309 2655 hus
324 2595 513 2675 apparetis,
526 2595 744 2659 denuntiatio
759 2603 824 2659 est.
876 2595 914 2660 Si
925 2596 1015 2677 quis,
1030 2596 1205 2678 inquiens,

245 2691 347 2755 aliter
368 2693 481 2772 docet,
504 2703 540 2759 et
561 2715 633 2760 non
654 2693 844 2779 acquiescit
865 2696 1082 2760 sermonibus
1108 2697 1206 2760 sanis

247 2791 389 2856 Domini
412 2795 521 2859 nostri
544 2795 631 2860 Jesu
647 2794 788 2874 Christi,
811 2801 847 2860 et
866 2797 898 2860 ei
912 2816 991 2879 quae
1014 2797 1206 2860 secundum

245 2891 410 2973 pietatem
432 2902 486 2959 est
507 2895 674 2960 doetrinae
697 2897 865 2979 superbus
888 2903 953 2974 est,
968 2897 1205 2975 nihilsciens,
1218 2906 1250 2952 2⁵

247 2990 307 3053 sed
345 2991 573 3075 languescens
615 3015 699 3078 erga
734 2997 956 3078 quaestiones
995 3004 1031 3061 et
1067 3017 1205 3080 pugnas

247 3092 441 3170 verborum,
472 3114 516 3159 ex
545 3095 670 3179 quihus
698 3096 857 3160 oriuntur
881 3098 1034 3176 invidiae,
1060 3106 1206 3162 conten-

247 3191 371 3270 tiones,
405 3194 640 3278 blasphemiae,
673 3197 887 3280 suspiciones
919 3199 1033 3276 malae,
1062 3199 1205 3262 conflic-

247 3293 398 3356 tationes
426 3293 601 3360 hominum
630 3304 745 3361 mente
773 3305 1024 3381 corruptorum,
1054 3299 1115 3381 qui
1144 3319 1205 3363 ve-

248 3393 351 3455 ritate
373 3394 500 3475 privati
523 3404 617 3475 sunt,
638 3398 907 3461 existimantium
933 3406 1105 3481 quaestum
1129 3419 1206 3464 esse
1220 3416 1252 3462 eo

249 3493 424 3574 pietatem.

122 3663 141 3690 m
167 3612 189 3690 οξ
301 3593 318 3675 §
334 3594 408 3659 106.
432 3595 500 3658 Sed
515 3596 597 3678 quid
609 3597 756 3679 sparsim
766 3597 887 3679 positis
902 3596 1051 3678 amplius
1066 3607 1205 3663 utentes

108 3712 116 3739 r
142 3712 169 3741 ηε
188 3712 214 3740 0¹¹
250 3693 455 3757 testimoniis
473 3716 636 3760 sensuum
659 3717 699 3762 ac
723 3698 935 3762 diversorum
959 3698 1060 3761 undis
1085 3700 1121 3762 in
1145 3700 1204 3763 de·

285 3965 521 4031 ⁹Tttum.]Tit.ii.
535 3975 560 4021 7.
776 3970 797 4002 ²⁰
815 3975 885 4029 Quod
907 3990 962 4022 vero
986 4010 1044 4025 ...
1066 3975 1204 4039 pietatem]

286 4035 304 4066 ¹⁴
323 4039 493 4104 Timotheum]
516 4046 532 4090 2
551 4043 616 4092 Tim.
636 4044 663 4093 ii.
683 4048 715 4104 ὃς
744 4046 800 4092 Om.
818 4044 847 4093 V.

252 4108 387 4158 {Timui
401 4114 425 4159 3.
777 4112 797 4141 ³³
817 4113 917 4176 Undis]
935 4115 1082 4179 V.;modis,
1095 4118 1128 4167 B.
