2940 4884
323 393 369 457 84
635 408 808 457 rrrsrons
829 409 961 456 cuns.

326 566 449 632 lesum
463 565 640 630 Christum
652 586 787 631 merear
799 567 969 649 adipisci!
1019 563 1114 644 Quid
1135 564 1181 628 ad
1202 564 1278 629 baec

327 667 594 732 dormitantibus
607 669 732 731 animae
745 668 856 731 oculis
867 667 1050 749 aspicitis?
1084 665 1178 743 Quid
1192 666 1280 728 talia

329 767 444 831 surdis
466 787 629 831 sensnum
652 769 793 831 auribus
811 767 1041 830 auscultatis?
1093 766 1279 841 Discutite,

329 887 462 950 quaeso,
484 869 702 932 tenebrosam
723 877 904 949 atramque
927 867 1042 930 cordis
1064 868 1170 928 vestri
1195 866 1279 930 cali-

330 969 446 1050 ginem
468 969 645 1050 temporis,
666 977 706 1031 nt
720 968 879 1031 veritatis
901 976 937 1030 et
961 966 1167 1030 humilitatis
1188 985 1279 1049 prae-
1307 981 1323 1023 s

330 1067 501 1150 fulgidum
513 1068 630 1132 iumen
642 1067 759 1133 videre
772 1068 925 1150 ponitis.
977 1066 1195 1131 Christianus
1207 1086 1279 1130 non

331 1168 513 1232 mediocris
536 1168 597 1232 sed
620 1168 806 1251 perfectus,
833 1167 995 1231 sacerdos
1024 1187 1095 1231 nou
1117 1167 1196 1229 vilis
1217 1166 1280 1229 sed

331 1287 499 1346 summus,
511 1278 644 1351 martyr
656 1289 727 1332 non
747 1269 865 1348 segnis
886 1269 947 1331 sed
970 1269 1165 1350 praecipuus
1183 1266 1280 1342 dicit,

333 1367 438 1432 Nunc
458 1369 586 1451 incipio
608 1388 684 1431 esse
699 1368 829 1432 Christi
850 1368 1051 1450 discipulus.
1102 1367 1150 1430 Et
1164 1386 1227 1430 vos
1248 1367 1280 1429 si

331 1468 444 1533 illede
467 1469 558 1534 ooelo
579 1469 756 1552 projectus
769 1466 920 1544 Lucifer,
933 1469 1048 1532 verbis
1069 1487 1141 1531 non
1161 1474 1279 1549 potes·
1292 1475 1325 1520 1⁰

331 1575 405 1632 tate
426 1570 609 1651 erigimini,
632 1578 668 1632 et
689 1567 941 1651 quodammodo
961 1570 1027 1631 suh
1051 1566 1156 1631 dente
1173 1568 1280 1630 rumi-

331 1670 425 1732 natis
448 1678 484 1732 et
508 1670 663 1751 gestibus
689 1668 918 1751 praetcnditis,
944 1688 1023 1750 quae
1051 1676 1157 1730 antea
1181 1681 1280 1731 actor

331 1777 447 1832 vester
459 1768 676 1850 depinxerat,
700 1768 744 1831 In
767 1768 906 1844 coelum,
921 1769 1094 1850 inquiens,
1113 1787 1279 1831 conscen-

332 1866 411 1932 dam
435 1876 470 1932 et
493 1888 552 1932 ero
580 1869 701 1931 similis
723 1867 917 1932 Altissimo.
967 1869 1016 1932 Et
1042 1869 1179 1944 iterum,
1202 1868 1280 1950 Ego

331 1966 404 2032 sodi
427 1976 463 2032 et
485 1969 555 2032 bibi
570 1987 709 2050 aquarn,
733 1978 770 2032 et
791 1970 965 2032 exsiccavi
978 1969 1127 2050 vestigio
1152 1968 1279 2050 pedum
1291 1985 1323 2030 rs

329 2087 484 2132 meorum
512 2088 631 2132 omnes
659 2070 753 2132 rivos
779 2088 957 2151 aggerum.
1010 2068 1126 2132 Multo
1152 2069 1280 2132 rectius

329 2169 513 2250 oportebat
527 2189 590 2233 vos
611 2169 740 2232 imitari
760 2169 859 2232 illum
880 2176 917 2233 et
939 2169 1069 2245 audire,
1091 2170 1152 2252 qui
1172 2171 1280 2232 totius

329 2267 495 2333 bonitatis
522 2276 557 2333 et
579 2269 784 2332 humilitatis
810 2289 891 2333 vere
913 2270 1080 2334 invictum
1104 2270 1281 2356 exemplar

329 2376 395 2444 est,
422 2368 591 2433 dicentem
616 2389 678 2451 per
706 2369 929 2451 Prophetam,
960 2370 1037 2452 Ego
1064 2378 1180 2434 autem
1202 2390 1279 2434 sum

328 2469 455 2531 vermis
482 2476 518 2533 et
545 2488 615 2533 non
643 2469 757 2546 homo,
784 2470 1005 2551 opprobrium
1037 2469 1213 2533 hominum
1243 2478 1327 2538 etro

328 2568 476 2650 abjectio
516 2568 637 2650 plebis.
690 2569 720 2632 Ο
758 2570 913 2632 mirabile
943 2570 1115 2652 quoddam
1149 2570 1278 2635 dixisse

328 2688 405 2731 eum
421 2670 641 2751 opprobrium
658 2669 845 2745 hominum,
865 2690 943 2733 cum
959 2672 1068 2735 omnis
1084 2671 1202 2733 mundi
1215 2691 1277 2753 op-

328 2769 466 2849 probria
487 2769 662 2833 deleverit.
709 2770 756 2833 Et
770 2770 893 2832 iterum
914 2772 949 2833 in
965 2771 1169 2852 Evangeli0,
1193 2770 1277 2835 Non

327 2887 468 2949 possum
483 2889 548 2949 ego
565 2890 586 2932 a
599 2890 653 2932 me
668 2871 743 2951 ipso
758 2869 870 2933 facere
891 2873 1087 2953 quicquam,
1103 2891 1179 2933 cum
1203 2872 1276 2952 ipse

327 2987 465 3031 coacvus
482 2967 580 3031 Patri
603 2989 643 3032 ac
666 2970 810 3051 Spiritui
826 2970 955 3035 Sancto
971 2973 1160 3036 communis
1183 2971 1275 3053 ejus·
1289 2981 1326 3042 25,

326 3066 471 3149 demque
497 3069 701 3132 substantiae
726 3070 851 3132 coelum
872 3078 907 3134 et
929 3079 1068 3147 terram,
1084 3091 1161 3134 cum
1183 3073 1277 3134 omni

326 3186 443 3230 eorum
466 3169 697 3232 inaestimabili
720 3179 935 3247 ornamento,
949 3172 1078 3248 fecerit,
1097 3192 1166 3236 non
1189 3171 1275 3234 alte-

325 3266 396 3330 rius
433 3268 493 3331 sed
530 3270 670 3350 propria
701 3277 885 3352 potestate,
917 3278 952 3334 et
983 3291 1046 3335 vos
1073 3278 1276 3354 arroganter

324 3369 432 3430 verba
447 3368 633 3445 exaltasse,
644 3370 822 3452 Propheta
836 3371 983 3448 dicente,
1000 3372 1092 3451 Quid
1107 3373 1274 3453 superbit,

323 3473 416 3530 terra
431 3477 465 3532 ct
481 3470 593 3531 cinis?
645 3470 712 3532 Sed
728 3471 771 3533 ad
784 3472 997 3553 propositum
1015 3480 1179 3536 revertar.
1288 3490 1325 3544 ao,

179 3635 191 3662 0
213 3635 245 3665 cu
347 3567 427 3649 §Vb
440 3568 539 3646 Quis,
551 3570 703 3651 inquam,
714 3590 758 3633 ex
767 3571 1274 3654 vobiS,utSmyrnensiseccle-

261 3653 266 3674 ’
322 3668 383 3730 siae
393 3671 676 3750 pastoregregius
690 3669 904 3753 Polycarpus
916 3671 1044 3735 Christi
1053 3673 1164 3748 testis,
1178 3692 1274 3734 men-

417 3796 440 3801 ...
446 3796 512 3803 --—
518 3798 586 3805 --m

358 3859 524 3927 ι317ιᾳιιιίεηει]
542 3867 611 3915 Esai.
623 3868 676 3919 xiv.
689 3871 730 3928 12,
743 3872 783 3930 la,
845 3866 866 3898 ³⁰
878 3863 1019 3936 liebertum]
1038 3870 1198 3929 Revertatur,
1210 3871 1244 3919 B.

319 3937 360 3980 25.
842 3936 1045 4002 ³²Polpcarpos.]
1071 3940 1133 3987 This
1156 3940 1274 3990 informa-

355 3999 553 4069 ¹⁹Prophetam.]
567 4007 661 4056 Psalm.
674 4010 727 4058 xxi.
742 4013 780 4059 11.
807 4010 858 4058 tion
877 4011 900 4057 is
923 4010 1044 4070 guthered
1067 4009 1129 4058 from
1152 4011 1193 4058 the
1218 4011 1273 4060 Cir-

353 4069 531 4143 meaverit]
555 4078 584 4126 V.
600 4093 688 4137 pasees
705 4095 737 4127 on
755 4030 877 4144 to'cular
892 4081 991 4140 Epistle
1011 4080 1040 4128 of
1059 4080 1101 4128 the
1125 4080 1228 4128 Church
1246 4083 1276 4130 of

316 4140 779 4209 thewords,‘Sedutadpropositum!
804 4151 911 4210 Smyrna
929 4152 1080 4212 concerning
1102 4151 1144 4199 the
1165 4155 1271 4210 martyr-

351 4210 371 4239 Ἦ
382 4214 537 4278 Evangelia]
554 4217 646 4266 Johau.
659 4234 682 4268 v.
696 4224 735 4269 30.
803 4221 860 4268 dom
873 4221 901 4269 of
910 4221 1048 4282 Polycarp,
1058 4221 1072 4283 t
1083 4222 1127 4271 vii.
1139 4222 1194 4271 xiii.
1207 4222 1269 4271 edit.

351 4278 370 4311 ²⁹
382 4283 525 4346 Propheta]
547 4287 617 4337 Eccl.
629 4304 655 4336 x.
669 4295 692 4338 9.
803 4291 895 4354 Smith,
907 4292 991 4342 Oxou.
1004 4295 1078 4341 1709.
