2940 4884
511 479 514 485 ,
570 431 742 481 mussona
765 432 895 480 ernon.
1162 418 1206 480 77

180 631 182 634 -
253 605 324 651 non
353 586 537 652 violaverit
575 596 750 672 praecepta
781 589 934 668 Domini,
967 590 1132 673 rapiendo
1169 592 1206 656 in

253 687 445 766 fuscinulis,
461 696 648 770 antequam
664 689 770 773 adeps
785 691 936 754 Domino
954 691 1144 770 offerretur,
1161 712 1207 756 ex

252 788 331 852 ollis
347 808 480 868 carnes
496 789 577 853 dum
591 790 710 854 eadem'
731 791 852 855 mortis
866 792 930 866 ira,
945 811 1015 873 qua
1029 792 1090 856 filii
1112 800 1206 870 sunt,

253 889 467 954 -mulctaturl
521 888 622 968 Quis,
647 910 746 974 rogo,
762 911 892 969 eorum,
907 892 951 956 de
965 913 1111 975 quorum
1134 914 1207 958 mo·

227 988 349 1053 vribus
375 992 461 1054 satis
483 991 594 1055 multa
612 993 771 1074 superius
793 992 955 1070 diximus,
972 995 1016 1057 ob
1041 994 1208 1058 invidiam

253 1091 404 1155 melioris
426 1090 550 1155 hostiae
573 1092 776 1176 coelestique
798 1093 871 1176 igni
893 1094 930 1157 in
952 1094 1050 1157 coelis
1065 1102 1207 1173 evectae,

251 1197 294 1255 ut
317 1188 420 1270 Abel,
443 1193 603 1257 occisusl
627 1194 687 1276 qui
709 1193 813 1257 etiam
836 1194 1017 1258 mediocris
1032 1196 1130 1260 verbi
1151 1216 1207 1259 as-

253 1300 444 1375 pernantur
458 1294 658 1358 convitium.
698 1292 786 1372 Quis
800 1314 944 1377 perosus
959 1303 1012 1359 est
1027 1295 1207 1359 consilium

253 1393 530 1476 malignantium,
546 1401 582 1458 et
598 1414 676 1458 cum
695 1395 810 1476 impiis
836 1414 905 1459 non
929 1396 1029 1473 sedit,
1044 1397 1095 1459 ita
1108 1402 1148 1459 ut
1164 1396 1206 1460 de

207 1509 242 1555 ro
254 1513 295 1557 eo
311 1494 459 1558 veridice
481 1496 581 1577 quasi
598 1494 646 1558 de
661 1494 782 1558 Enoch
805 1495 986 1573 diceretur,
1001 1494 1206 1560 Ambulavit

253 1594 375 1658 Enoch
400 1615 479 1659 eum
508 1596 585 1659 Deo
608 1602 643 1660 et
665 1614 736 1659 non
757 1596 1009 1674 inveniebatur,
1028 1597 1065 1660 in
1087 1597 1207 1660 mundi

253 1695 384 1759 scilicet
399 1696 554 1760 vanitate
569 1697 681 1760 omnis
695 1703 775 1778 post
790 1696 885 1760 idola
899 1697 1052 1779 proclive
1066 1696 1101 1760 id
1116 1704 1203 1761 tem-

253 1796 347 1878 poris
373 1796 578 1875 claudicare,
595 1797 716 1861 relicto
732 1797 821 1875 Deo,
843 1798 1062 1880 insipientis?
1116 1796 1205 1876 Quis

254 1916 372 1960 eorum
397 1897 542 1961 salutari
566 1898 603 1960 in
617 1896 723 1975 Arca,
746 1897 812 1961 hoc
838 1905 903 1974 est,
925 1918 1018 1961 nunc
1035 1898 1204 1977 Ecclesia,

209 2007 240 2054 15
253 1997 386 2061 nullum
412 1997 489 2062 Deo
516 1997 768 2075 adversantem,
799 2004 839 2062 ut
866 1997 946 2062 Noe
973 1998 1094 2063 diluvii
1118 2006 1205 2063 tem-

252 2118 349 2181 pore,
364 2120 434 2164 non
447 2099 597 2177 admisit,
612 2105 652 2162 ut
668 2098 848 2181 perspicue
870 2105 1122 2163 monstraretur
1135 2119 1205 2164 non

253 2200 321 2264 nisi
346 2200 508 2265 innoxios
521 2199 578 2265 vel
600 2201 811 2282 poenitentes
835 2200 993 2282 egregios
1017 2199 1054 2263 in
1082 2200 1204 2264 Domi-

254 2299 333 2365 nica
347 2301 449 2366 domo
468 2320 544 2365 esse
566 2302 712 2365 deberel
765 2300 854 2380 Quis
870 2301 1058 2365 victoribus
1080 2301 1204 2379 solum,

254 2408 288 2465 et
303 2402 340 2465 in
352 2403 596 2467 tricentenario
619 2423 773 2480 numero,
795 2402 861 2466 hoc
875 2410 929 2467 est
942 2401 1125 2466 Trinitatis
1148 2421 1204 2465 sa-

208 2511 442 2582 accremento,
467 2504 613 2568 liberato
634 2504 744 2587 justo,
769 2523 888 2586 regum
910 2504 1073 2586 quinque,
1088 2503 1206 2568 victri-

246 2604 412 2687 ciumque
429 2613 619 2670 turmarum
641 2604 813 2667 exercitus
837 2603 961 2687 ferales
975 2605 1204 2682 vincentibus,

247 2711 289 2769 -et
315 2725 533 2789 nequaquam
553 2705 666 2769 aliena
687 2704 915 2786 cupientibus,
933 2705 1138 2768 sacrificium
1153 2704 1205 2769 of-

254 2803 380 2884 ferens,
394 2814 433 2871 ut
449 2804 715 2882 Melchisedech,
727 2804 928 2868 benedixit?
981 2804 1069 2884 Quis
1081 2812 1205 2888 sponte

255 2907 431 2990 proprium
446 2908 483 2971 in
497 2907 600 2970 altari
611 2906 724 2989 capite
739 2905 952 2983 caedendum,
965 2913 1005 2970 ut
1013 2903 1205 2984 Abraham,

204 3025 242 3072 *as
256 3008 333 3072 Deo
360 3009 517 3092 jubente,
541 3007 666 3072 obtulit
689 3006 808 3083 filium,
832 3013 872 3070 ut
897 3006 1007 3070 simile
1032 3007 1205 3090 quoddam

254 3108 334 3172 huic
352 3109 511 3193 impleret
526 3107 655 3173 Christi
677 3107 879 3171 mandatum
894 3108 1051 3185 dicentis
1068 3109 1206 3172 oculum

253 3208 415 3275 dextrum
447 3210 739 3275 scandalizantem
767 3208 869 3273 evelli
897 3209 1032 3285 debere,
1061 3216 1096 3273 et
1125 3228 1205 3292 pro-

253 3311 368 3393 phetae
383 3318 605 3393 praecaveret,
620 3329 657 3372 se
672 3309 892 3373 maledictum
912 3328 988 3372 esse
1004 3307 1156 3391 gladium
1171 3316 1207 3373 et

255 3411 459 3493 sanguinem
474 3410 737 3493 prohibentem‘l
783 3406 871 3486 Quis
887 3409 1086 3472 memoriam
1097 3408 1205 3472 male'-

209 3533 241 3578 so
255 3511 339 3575 facti
353 3511 396 3575 de
412 3510 514 3576 corde
530 3510 706 3586 radicitus,
722 3514 762 3572 ut
772 3507 796 3571 J
798 3508 918 3591 oseph,
934 3509 1083 3573 evulsitl
1117 3507 1205 3587 Quis

254 3613 291 3675 in
305 3619 423 3676 monte
434 3633 512 3677 cum
521 3610 672 3675 Domino
686 3608 834 3686 locutus,
847 3616 882 3673 et
890 3628 1108 3691 nequaquam
1123 3629 1205 3674 con-

254 3715 475 3797 crepantibus
489 3713 581 3777 tubis
595 3710 720 3775 exinde
734 3709 949 3793 perterritus
965 3709 1053 3774 duas
1068 3711 1206 3778 tabulas

289 4013 299 4042 ⁴
311 4016 350 4064 De
362 4051 369 4066 .
383 4052 389 4066 .
403 4051 410 4065 .
422 4009 554 4084 diximum]
575 4019 629 4067 Om.
643 4017 677 4067 B.
779 4012 799 4042 ¹⁵
810 4009 937 4082 Nullum]
956 4013 1054 4074 Ullum,
1071 4013 1100 4063 V.

289 4081 394 4154 ligni]
413 4087 506 4149 Regni,
517 4087 552 4136 B.
778 4081 1029 4147 98Ροίει·ιιυθνιεί,εε.]
1050 4085 1105 4134 Om.
1123 4082 1153 4134 V.

289 4154 310 4186 ¹⁰
326 4157 478 4222 Dicentur]
491 4157 556 4208 Gen.
569 4174 593 4209 v.
603 4161 646 4206 24.
778 4153 799 4185 ²⁸
811 4151 868 4224 Sa]
890 4156 945 4203 Om.
958 4155 992 4203 B.

290 4223 310 4258 ¹³
322 4227 487 4294 Incipiendu]
500 4229 658 4293 Incipientis,
674 4226 705 4279 V.
778 4223 930 4289 ³⁰Evandria]
948 4223 1051 4288 Evenit,
1068 4223 1098 4277 V.
