2940 4884
323 1025 503 1110 VITA
549 1026 808 1110 SrlNCTI
856 1027 1128 1111 GILDAE.

664 1304 829 1313 -ι-ῄ

304 1466 368 1548 §L
394 1465 481 1530 Nau
498 1465 564 1530 suit
586 1484 648 1529 rex
672 1465 811 1543 Scotiae‚
834 1464 1067 1529 nobilissimus
1084 1484 1203 1548 regum
1217 1478 1340 1553 numm

253 1565 513 1648 aquilonalium,
535 1565 595 1650 qni
608 1565 735 1649 viginti
751 1573 787 1630 et
801 1571 951 1650 quatuor
973 1564 1062 1630 filios
1083 1533 1340 1630 habuit¹¹⁸¹em⁵⁸⁹'

255 1666 401 1731 victores
437 1667 630 1745 bellicosos,
660 1685 807 1752 qnorum
836 1686 926 1730 unus
959 1665 1204 1731 nominabatur

224 1764 388 1844 ⁵Gildas,
419 1787 521 1852 quem
548 1776 709 1851 parentes
736 1767 791 1832 sui
820 1766 1065 1831 commiserunt
1086 1766 1201 1830 studio

252 1867 439 1932 literarum.
486 1867 580 1932 Puer
591 1870 690 1934 bonae
705 1868 831 1933 indolis
845 1874 880 1931 et
895 1866 1071 1933 studiosus
1086 1866 1203 1931 floruit

252 1967 403 2051 ingenio,
420 1968 582 2053 quicquid
597 1970 760 2034 audiebat
775 1989 798 2033 a
812 1967 980 2050 magistro
997 1985 1202 2032 commemo·

157 2057 162 2066 ’
252 2070 353 2134 rabat
362 2067 636 2150 diligentissime,
648 2089 711 2134 nco
721 2069 872 2133 laedebat
882 2067 1022 2132 oblivio.
1061 2066 1203 2130 Stnduit

253 2167 429 2233 studiosus
448 2169 586 2234 assidue
605 2169 697 2234 inter
719 2176 819 2234 vates
838 2167 875 2230 in
900 2167 1032 2232 artibus
1058 2174 1201 2249 septem,

208 2284 240 2328 ιο
252 2268 363 2334 donec
376 2266 589 2351 pervenitad
601 2268 834 2354 juventutem,
845 2268 927 2331 dum
938 2265 1078 2352 juvenis
1088 2267 1201 2333 iactus

252 2367 321 2434 cito
336 2367 488 2433 deseruit
500 2368 688 2452 regionem.

303 2469 367 2554 §2
391 2468 648 2535 Transiretavit
665 2489 764 2539 ‚mare
785 2468 972 2548 Gallicum,
992 2469 1029 2532 in
1049 2467 1201 2533 civitati·
1214 2477 1339 2569 mpe-

250 2571 315 2634 bus
336 2568 463 2635 Galliae
481 2570 650 2635 remansit
671 2572 814 2636 studens
836 2571 966 2654 optime
988 2569 1102 2652 spatio
1124 2586 1202 2650 sep·
1310 2557 1314 2575 '

251 2677 321 2735 tem
349 2690 530 2749 annorum,
555 2678 591 2736 et
613 2671 651 2735 in
676 2670 825 2736 termino
851 2670 989 2755 septimi
1010 2669 1093 2735 anni
1124 2687 1202 2734 cum

208 2790 380 2854 lomagna
400 2772 491 2837 mole
508 2771 721 2836 diversorum
739 2771 952 2838 voluminum
968 2767 1141 2834 remeavit
1157 2768 1201 2832 ad

253 2871 424 2956 Majorem
440 2871 670 2938 Britanniam.
723 2870 858 2939 Audita
871 2872 964 2937 fama
981 2868 1202 2937 famosissimi
1214 2876 1336 2974 3335st

252 2971 407 3050 advenae,
430 2973 673 3038 confluxerunt
695 2972 739 3038 ad
761 2993 840 3037 eum
865 2973 1041 3038 scholares
1064 2969 1203 3054 plurimi
1248 3009 1251 3014 -

251 3072 415 3157 undique,
447 3073 632 3140 andierunt
653 3075 698 3138 ab
721 3094 762 3138 eo
788 3081 920 3157 septem
942 3071 1202 3155 disciplinamm

252 3172 432 3238 scientiam
463 3173 697 3251 subtilissime,
728 3175 819 3238 nnde
849 3194 894 3238 ex
924 3171 1100 3256 discipulis
1129 3189 1202 3234 ma·

205 3295 238 3340 ao
251 3272 352 3354 gistri
365 3263 477 3338 effecti
491 3264 574 3338 sunt
587 3275 651 3338 sub
667 3273 860 3357 magistrali
873 3273 1015 3337 honore.

505 3511 592 3561 Nonas
608 3527 659 3562 sun
676 3515 791 3562 Vsarous
808 3515 948 3563 Balomos.

287 3602 298 3636 ²
315 3600 457 3674 Nassica]
475 3604 538 3654 'l'his
554 3621 672 3669 passage,
688 3622 717 3657 as
778 3603 788 3636 ²
806 3600 919 3674 Scuta]
943 3607 1083 3669 Scotorum,
1107 3606 1204 3664 Urbem

252 3676 292 3727 lar
306 3692 336 3726 as
348 3677 391 3726 the
406 3676 478 3725 word
491 3677 680 3741 ‘juventutem'
695 3678 717 3726 is
742 3677 870 3740 Albaniae,
883 3678 975 3741 Ccpgr.

252 3747 347 3810 quoted
368 3748 403 3809 by
425 3746 519 3810 Ushor,
541 3747 667 3809 Primord.
689 3765 716 3811 p.
777 3745 908 3811 ³Vigiati
929 3752 954 3796 et
972 3746 1095 3811 quotuor]
1115 3747 1146 3795 In
1164 3747 1201 3796 M.

252 3822 310 3868 676.
741 3819 783 3868 οιι]
822 3819 880 3868 four
906 3832 965 3868 sons
987 3831 1030 3866 are
1052 3817 1204 3880 mentioned,

287 3886 299 3918 ²
315 3888 397 3952 Nora]
409 3887 463 3938 'l'ho
475 3888 532 3939 MS.
544 3888 574 3937 oi
581 3889 632 3939 this
643 3889 715 3939 work
741 3904 774 3938 an
831 3891 868 3939 eir
877 3902 964 3938 names
976 3887 1104 3949 specilicd.

253 3961 319 4009 cited
334 3960 369 4021 by
382 3958 447 4008 Bale
463 3958 534 4021 read,
547 3959 655 4009 ‘Natus
667 3959 717 4009 fuit
776 3957 787 3991 ⁹
801 3959 895 4023 Vates]
906 3960 949 4020 B.;
958 3957 1104 4021 suates,A.‚
1116 3957 1204 4006 Usha.

253 4044 297 4080 rex
320 4031 451 4079 Pictorum
474 4030 585 4082 nobilis.’
622 4029 716 4079 Mabil·
778 4027 798 4060 ¹²
816 4028 993 4090 Truarfretooit
1006 4062 1013 4078 .
1026 4027 1204 4078 ..excelleuti-

252 4101 315 4151 lon's
329 4100 433 4163 Legend
448 4099 511 4149 calls
524 4100 576 4151 him
593 4101 714 4161 Caunus;
742 4096 809 4169 bus]
833 4100 939 4150 Usher's
961 4103 1021 4148 next
1038 4103 1136 4148 extract
1154 4112 1205 4146 ern-

252 4172 302 4221 and
315 4171 479 4234 eapgrave’a
491 4171 555 4222 Can.
741 4172 829 4221 braces
841 4171 891 4221 this
901 4183 1019 4233 passage,
1031 4185 1056 4231 p.
1069 4173 1126 4218 442.

989 4267 1054 4313 sea
