2940 4884
496 412 669 461 EPISTOLA
693 415 822 462 GlLDAE.
1093 404 1137 466 65

184 570 301 635 fimum
323 570 438 646 boum,
462 576 497 632 et
517 578 699 651 argentum
722 591 840 635 eorum
862 577 897 635 et
919 592 1041 638 aurum
1066 596 1137 643 non

183 672 336 753 poterint
355 671 505 734 eximere
523 689 582 734 eos
602 671 638 733 in
660 671 715 733 die
735 673 796 735 irae
821 673 973 738 Domini.
1027 675 1073 739 Et
1099 677 1136 740 in

182 772 263 853 igne
289 772 353 834 zeli
378 771 452 855 ejus
476 777 697 837 consumetur
720 774 833 838 omnis
861 782 965 851 terra,
996 777 1136 858 quando

184 873 514 937 consummationem
536 879 571 936 et
593 872 814 937 solitudinem
836 873 941 939 saciet
964 875 1135 941 Dominus

155 991 286 1056 ssuper
308 992 426 1036 omnes
453 980 704 1040 commorantes
726 974 763 1037 in
785 982 889 1039 terra.
943 973 1135 1042 Conuenite

183 1082 219 1144 et
243 1073 493 1157 conjungimini
520 1093 606 1154 gens
634 1074 903 1156 indisciplinata,
933 1075 1135 1158 priusquam

182 1173 376 1238 efficiamini
388 1175 478 1238 sicut
492 1174 556 1238 flos
573 1175 787 1256 praeteriens,
802 1176 1003 1257 priusquam
1017 1179 1137 1242 veniat

182 1295 286 1357 super
301 1294 364 1339 vos
377 1275 430 1338 ira
443 1274 596 1338 Domini.

234 1375 320 1458 §oo
344 1375 391 1440 Et
410 1375 492 1458 quid
515 1372 670 1457 Aggasus
691 1383 832 1442 sanctus
852 1378 1029 1461 propheta·
1042 1377 1136 1442 dicat
1147 1394 1249 1483 mres

137 1487 170 1539 ιο
182 1476 362 1540 attendite.
415 1474 506 1540 Haec
526 1476 611 1540 dicit
628 1476 811 1556 Dominus,
835 1479 947 1542 Semel
968 1498 1033 1560 ego
1059 1498 1133 1542 mo·
1146 1495 1235 1544 natat·

182 1578 270 1641 vebo
292 1577 430 1654 coelum,
451 1584 487 1640 et
507 1584 646 1654 terram,
671 1585 706 1642 et
728 1598 834 1656 mare,
860 1586 895 1643 et
919 1578 1074 1659 aridum3
1098 1587 1133 1644 et

182 1685 338 1742 avertam
351 1696 507 1759 regnum,
530 1685 565 1742 et
581 1678 818 1744 exterminabo
832 1679 994 1744 virtutem
1013 1699 1135 1761 regum

182 1779 348 1860 gentium,
363 1786 398 1842 et
413 1785 567 1843 avertam
582 1778 770 1861 quadrigas
785 1787 820 1843 et
834 1798 1045 1845 ascensores.

234 1880 251 1963 §
266 1881 320 1944 57.
345 1879 450 1943 Nunc
465 1898 602 1962 quoque
616 1880 698 1962 quid
709 1880 899 1943 Zacharias
914 1881 1005 1944 filius
1019 1877 1134 1957 Addo,
1144 1887 1293 1979 {gemm-

44 1983 47 1987 ’
137 1997 169 2043 15
182 1980 351 2063 propheta
385 1980 527 2056 electus,
562 1980 690 2043 dixerit
715 1980 908 2057 intuemini,
938 1979 1004 2044 hoo
1031 1980 1134 2045 modo
1145 1989 1199 2031 raa

182 2080 398 2163 prophetiam
413 2099 511 2143 suam
520 2079 716 2143 exordiens.
768 2079 997 2145 Revertimini
1011 2080 1055 2143 ad
1067 2101 1133 2158 me,

183 2188 218 2248 et
236 2188 391 2246 revertar
412 2180 456 2243 ad
476 2198 539 2245 vos
560 2179 645 2243 dicit
659 2179 849 2260 Dominus3
871 2187 907 2244 et
924 2181 1032 2244 nolite
1045 2182 1133 2244 tales

183 2301 259 2346 esse
291 2282 381 2345 sicut
415 2287 533 2362 patres
567 2280 685 2358 vestri,
720 2281 844 2363 quibus
873 2280 1134 2363 imputaverunt

181 2382 359 2465 prophetoe
387 2382 519 2464 priores
544 2381 709 2458 dicentes,
738 2380 829 2446 Haec
856 2381 940 2444 dicit
962 2382 1132 2445 Dominus

138 2495 171 2552 2⁰
182 2484 410 2566 omnipotens,
434 2480 594 2548 Avertite
619 2501 682 2546 vos
707 2501 729 2544 a
751 2483 818 2548 viis
842 2483 977 2560 vestris,
1004 2490 1040 2546 et
1062 2501 1133 2547 non

180 2583 414 2661 intenderunt,
429 2591 469 2648 ut
482 2582 686 2648 obaudirent
695 2602 761 2647 me.
814 2583 860 2650 Et
871 2582 974 2660 inira,
986 2582 1033 2646 Et
1044 2583 1134 2647 dixit

181 2685 224 2748 ad
240 2705 295 2748 me
311 2683 481 2767 Angelus,
497 2683 590 2762 Quid
604 2690 644 2750 tu
658 2682 778 2747 videsl
833 2683 879 2747 Et
890 2682 975 2760 dixi,
992 2683 1132 2746 Falcem

181 2804 247 2868 ego
270 2785 371 2850 video
400 2786 576 2849 volantem
603 2783 829 2866 longitudinis
859 2784 1052 2847 cubitorum
1081 2784 1133 2848 vi·

181 2886 281 2968 giuti,
323 2886 518 2950 maledictio
555 2904 633 2968 quae
671 2884 825 2967 procedit
865 2904 969 2967 super
1009 2883 1132 2951 faciem

136 2997 169 3053 2⁵
180 2988 288 3052 totius
311 2995 434 3067 terrae3
465 2987 627 3069 quoniam
656 2985 767 3049 omnis
797 2984 854 3048 fur
878 3005 923 3049 ex
953 3004 995 3048 ea
1023 3004 1133 3066 usque

180 3087 224 3151 ad
247 3095 391 3153 mortem
413 3088 586 3171 punietur,
610 3094 645 3151 et
659 3085 837 3170 projiciam
860 3107 938 3150 eum
961 3085 1045 3149 dicit
1059 3085 1133 3150 Do-,

179 3189 293 3252 minus
313 3190 542 3272 omnipotens
564 3195 600 3252 et
620 3187 763 3251 intrabit
777 3188 814 3249 in
837 3187 975 3251 domum
994 3185 1132 3263 furoriS,

180 3289 273 3353 etin
298 3289 437 3353 domum
455 3288 643 3374 jurationis
665 3288 702 3351 in
732 3288 869 3351 nomine
889 3306 968 3380 meo
990 3286 1132 3356 menda*

180 3391 281 3458 cium.
349 3448 350 3452 ,

136 3495 169 3545 ³⁰
231 3488 319 3575 558.
342 3490 492 3555 Sanctus
514 3508 651 3571 quoque
674 3486 868 3552 Malachias
890 3486 1059 3570 propheta
1081 3487 1248 3586 di·}',3³,{⁸⁸⁹⁸

179 3591 239 3669 cit,
262 3591 353 3658 Ecce
374 3591 447 3654 dies
468 3589 610 3654 Domini
626 3589 743 3653 veniet
766 3606 932 3653 succensa
954 3588 1054 3671 quasi
1074 3607 1132 3651 ca·
1146 3597 1245 3637 Μωυσῆ

179 3693 305 3770 miuus,
320 3700 355 3756 et
369 3699 470 3756 erunt
483 3709 601 3755 omnes
615 3689 765 3772 superbi,
784 3695 820 3752 et
833 3707 952 3752 omnes
968 3688 1132 3752 facientes

178 3792 396 3877 iniquitatem
417 3800 458 3857 ut
487 3790 628 3873 stipula,
657 3797 693 3853 et
720 3789 949 3854 inflammabit
972 3807 1031 3853 eos
1060 3789 1133 3853 dies

180 3894 379 3971 adveniens,
404 3893 487 3958 dicit
510 3891 681 3957 Dominus
704 3879 930 3968 exercituum,
955 3909 1033 3973 quae
1062 3910 1132 3961 nou

72 4048 79 4057 ,
137 4013 168 4058 aa
180 3995 351 4078 relinquet
366 4015 411 4059 ex
426 3995 475 4059 eis
491 3993 639 4057 radicem
655 3997 690 4055 et
704 4011 857 4073 germen.

213 4168 225 4200 ⁹
241 4171 373 4235 Aggera]
389 4171 417 4220 ii.
428 4174 470 4220 22.
707 4163 729 4198 ³⁰
742 4166 901 4229 Malachiam]
914 4165 949 4214 iv.
962 4168 986 4214 1.

216 4239 236 4273 ¹⁴
252 4242 408 4305 Zacharias]
424 4242 636 4304 ianuas.
920 4311 942 4374 3
967 4327 985 4372 p
