2940 4884
233 397 235 402 ·
335 384 379 448 90
651 402 823 450 nrrsroua
846 401 976 451 cinna

336 561 383 626 Et
397 562 533 641 iterum,
549 561 680 626 Omnes
694 561 752 626 isti
765 560 938 645 principes
952 559 1198 625 declinantium
1213 579 1286 624 am-

335 662 495 727 bulantes
510 662 756 740 fraudulenter,
771 682 821 726 res
841 670 876 726 et
892 662 1032 739 ferrum,
1045 660 1198 726 universi
1210 680 1287 725 cor-

336 763 428 845 rupti
450 769 544 840 sunt,
568 761 695 828 defecit
717 762 944 827 sufflatorium
969 761 1006 825 in
1034 760 1128 844 igne,
1158 761 1288 826 frustra

336 863 500 928 conflavit
535 863 716 940 conflator,
751 862 892 927 malitiae
921 869 1036 926 autem
1067 881 1185 926 eorum
1216 881 1286 926 non

335 970 418 1028 sunt
441 969 643 1041 consumtae,
669 969 851 1045 argentum
873 963 1056 1045 reprobum
1069 968 1193 1026 vocate
1214 980 1286 1040 eos,
1316 978 1332 1022 s

335 1063 419 1145 quia
431 1063 602 1127 Dominus
616 1063 763 1147 projecit
778 1062 868 1127 illos.
920 1062 968 1127 Et
977 1070 1057 1145 post
1071 1081 1192 1145 pauca,
1208 1061 1287 1143 Ego

335 1182 424 1241 sum,
447 1164 524 1245 Ego
546 1183 634 1228 sum.
687 1163 764 1246 Ego
778 1163 862 1241 vidi,
886 1161 971 1227 dicit
993 1162 1176 1227 Dominus.
1230 1162 1286 1226 Ite

335 1264 380 1327 ad
408 1263 521 1327 locum
550 1283 663 1326 meum
691 1262 728 1326 in
754 1263 839 1340 Silo,
868 1261 929 1326 ubi
960 1261 1132 1328 habitavit
1160 1281 1286 1326 nomen

335 1383 448 1427 meum
483 1384 505 1429 a
538 1362 728 1446 principi03
770 1370 805 1427 et
833 1361 947 1428 videte
976 1381 1054 1444 quae
1087 1362 1225 1426 fecerim
1254 1363 1288 1426 ei

335 1471 476 1546 propter
503 1463 671 1527 malitiam
697 1461 816 1546 populi
842 1462 910 1526 mei
936 1462 1060 1528 Israel.
1112 1462 1160 1526 Et
1180 1483 1285 1542 nunc,
1300 1475 1331 1520 ro

335 1565 418 1645 quia
441 1563 571 1627 fecistis
597 1562 713 1628 omnia
742 1583 848 1646 opera
874 1563 962 1640 hac,
987 1562 1071 1627 dicit
1093 1562 1285 1644 Dominus3

334 1670 370 1727 et
394 1665 531 1727 locutus
560 1683 636 1726 sum
660 1664 703 1727 ad
725 1682 790 1727 vos
815 1682 916 1727 mane
941 1682 1152 1745 consurgens
1174 1670 1209 1727 et
1232 1663 1284 1727 lo-

335 1782 443 1844 quens
469 1770 505 1827 et
528 1784 597 1828 non
621 1762 778 1841 audistis,
800 1772 836 1828 et
850 1763 975 1828 vocavi
996 1782 1058 1829 vos
1080 1769 1117 1827 et
1138 1783 1210 1828 non
1231 1784 1285 1828 re·

334 1863 550 1945 spondistis3
587 1863 712 1937 faciam
741 1863 858 1928 domui
891 1862 982 1940 huic,
1012 1863 1050 1927 in
1086 1883 1156 1945 qua
1185 1862 1286 1928 invo-

334 1971 452 2027 catum
483 1972 537 2028 est
558 1984 684 2028 nomen
708 1984 821 2028 meum
852 1972 887 2028 et
910 1963 948 2027 in
971 1983 1041 2046 qua
1061 1983 1126 2028 vos
1151 1964 1286 2029 habetis
1299 1977 1331 2022 re

333 2063 505 2142 fiduciam,
517 2070 553 2128 et
566 2063 655 2143 loco,
669 2084 772 2147 quem
784 2064 863 2128 dedi
877 2064 976 2128 vobis
987 2071 1023 2129 et
1036 2064 1192 2146 patribus
1207 2084 1285 2128 ves·

334 2164 410 2242 tris,
425 2165 515 2228 sicut
525 2163 592 2228 feci
606 2164 691 2242 Silo,
705 2171 741 2228 et
753 2163 933 2250 projiciam
946 2183 1009 2228 vos
1024 2183 1046 2228 a
1060 2163 1147 2228 facie
1163 2183 1251 2229 mea.

385 2264 403 2348 ξ
417 2264 471 2329 81.
486 2265 533 2328 Et
544 2265 681 2342 iterum,
698 2265 778 2329 Filii
794 2264 861 2328 mei
874 2264 1034 2328 exierunt
1049 2283 1071 2328 a
1083 2284 1150 2343 me,
1164 2271 1200 2328 et
1214 2285 1285 2329 non

333 2365 547 2446 subsistunt;
572 2373 608 2428 et
629 2385 699 2429 non
721 2364 847 2447 estqui
870 2365 1037 2431 extendat
1058 2365 1150 2428 ultra
1170 2372 1285 2429 tento-

333 2464 421 2527 rium
444 2485 569 2542 meum,
592 2473 627 2529 et
649 2464 761 2548 erigat
784 2464 891 2547 pelles
924 2484 1038 2545 meas3
1071 2463 1154 2547 quia
1179 2465 1331 2532 stulteao

333 2572 480 2646 egerunt
502 2572 671 2647 pastores,
695 2573 730 2629 et
750 2564 937 2628 Dominum
969 2579 1040 2629 non
1062 2565 1285 2647 quaesierunt.

231 2688 235 2697 ·
334 2665 526 2748 Propterea
550 2685 619 2728 non
641 2666 898 2742 intellexerunt,
915 2672 951 2729 et
966 2685 1052 2747 grex
1074 2686 1193 2730 eorum
1215 2665 1285 2728 dis-

332 2785 453 2846 persus
481 2772 546 2829 est.
598 2765 646 2829 Et
670 2773 750 2847 post
777 2764 1084 2847 aliquanta,de
1115 2765 1284 2848 estquod

333 2865 477 2928 dilectus
492 2883 588 2928 meus
612 2866 648 2927 in
671 2865 773 2929 domo
797 2886 873 2930 mea
893 2865 977 2929 facit
999 2867 1129 2929 scelera
1150 2867 1283 2930 multat

334 2965 501 3047 Nunquid
531 2984 652 3028 carnes
680 2973 810 3028 sanctae
836 2965 993 3030 auferent
1019 2985 1041 3029 a
1071 2973 1106 3028 te
1134 2965 1284 3030 malitias
1296 2982 1328 3027 ne

333 3075 424 3142 tuas,
453 3065 490 3127 in
521 3066 645 3146 quibus
674 3065 824 3147 gloriata
853 3067 914 3129 esi
968 3065 1106 3131 Olivam
1133 3068 1283 3144 uberem,

331 3165 521 3247 pulchram,
545 3163 767 3239 fructiferam,
791 3166 992 3248 speciosam,
1009 3166 1148 3230 vocabit
1162 3166 1284 3231 Domi-

332 3285 397 3328 nus
424 3285 549 3328 nomen
574 3272 682 3329 tuum.
746 3264 803 3330 Ad
827 3286 947 3330 vocem
971 3266 1116 3347 loquelae
1141 3267 1284 3349 grandis

331 3366 463 3429 exarsit
475 3364 567 3448 ignis
582 3365 618 3428 in
633 3384 687 3444 ea,
707 3372 742 3429 et
764 3367 944 3430 combusta
957 3374 1039 3429 sunt
1053 3366 1181 3432 fruteta
1195 3368 1283 3452 ejus.

332 3466 379 3528 Et
407 3466 542 3543 iterum,
568 3466 708 3543 Venite,
730 3466 987 3548 congregamini
1016 3486 1134 3530 omnes
1162 3469 1328 3532 bestiaero

330 3573 444 3645 terrae,
459 3573 641 3648 properate
656 3565 699 3628 ad
714 3566 959 3630 devorandum.
1004 3566 1168 3630 Pastores
1183 3569 1283 3633 multi

330 3665 484 3730 demoliti
506 3673 588 3728 sunt
601 3666 738 3730 vineam
760 3686 884 3744 meam,
901 3666 1069 3730 dederunt
1090 3668 1282 3749 portionem

329 3783 441 3826 meam
477 3764 737 3830 desiderabilem
779 3766 816 3829 in
857 3767 1029 3830 desertum
1066 3767 1281 3842 solitudinis.

331 3863 490 3946 Itemque
518 3865 683 3946 loquitur,
711 3865 802 3930 Haec
837 3867 921 3931 dicit
949 3865 1121 3931 Dominus
1153 3869 1282 3951 populo

330 3963 421 4040 huic,
436 3965 494 4045 qui
514 3964 637 4029 dilexit
659 3986 797 4030 movere
820 3967 925 4049 pedes
941 3986 1034 4044 suoS,
1051 3973 1086 4031 et
1102 3987 1171 4031 non
1185 3970 1325 4051 quie-es

329 4063 392 4140 vit,
409 4071 444 4127 et
461 4065 611 4128 Domino
639 4087 708 4130 non
731 4066 872 4149 placuit.
927 4067 1031 4130 Nunc
1048 4068 1283 4133 recordabitur

326 4163 548 4247 iniquitatum
571 4186 701 4246 eorum,
725 4175 760 4232 ct
777 4168 931 4232 visitabit
958 4175 1103 4250 peccata
1132 4169 1280 4234 illorum.
