2940 4884
561 426 733 474 nrisroun
756 397 886 476 einum.
1157 415 1199 477 61

247 583 373 666 piverit
386 583 422 648 Ν
424 583 562 647 inivetis
585 585 764 667 propheta.
818 586 898 664 Sed,
912 586 1048 649 omissis
1063 587 1200 650 interim

247 686 386 761 uostris,
422 684 601 747 audiamus
630 686 746 767 potius
774 686 856 768 quid
885 687 1088 769 prophetica
1116 689 1201 751 tuba

246 785 425 866 persultet.
479 783 581 861 Quod
608 785 639 847 si
665 786 806 862 dixeris,
836 787 1007 869 inquiens,
1037 788 1073 850 in
1099 788 1200 851 corde

247 890 320 960 tuo,
341 883 458 962 Quare
475 891 645 948 venerunt
668 886 761 949 mala
786 885 887 951 haecl
941 886 1090 969 Propter
1111 889 1199 950 mul-

218 983 428 1047 ttitudinem
465 985 659 1066 iniquitatis
696 992 778 1049 tuae.
836 986 874 1049 Si
910 994 1044 1050 mutare
1084 995 1201 1069 potest

248 1083 411 1166 AEthiops
448 1085 573 1166 pellem
609 1104 719 1162 suam,
757 1091 819 1148 aut
850 1086 978 1168 pardus
1012 1087 1199 1150 varietates

248 1203 341 1261 suas,
365 1191 400 1248 et
419 1203 482 1248 vos
505 1184 663 1266 poteritis
683 1185 895 1263 benefacere,
916 1206 992 1249 cum
1012 1176 1199 1251 didiceritis

247 1284 655 1362 malum-subauditur,
676 1286 758 1366 quia
773 1306 843 1349 non
857 1286 975 1350 vultis
1028 1286 1076 1350 Et
1097 1286 1199 1364 infra,

249 1383 339 1448 Haec
354 1385 439 1447 dicit
455 1372 625 1447 Dominus
647 1385 775 1467 populo
791 1386 883 1462 huic,
903 1384 974 1463 Qui
988 1386 1110 1450 dilexit
1125 1407 1199 1450 mo-

203 1507 235 1552 1⁰
249 1505 328 1549 vere
352 1484 457 1567 pedes
480 1503 562 1548 suos
582 1492 618 1547 et
640 1505 709 1548 non
736 1486 879 1567 quievit,
899 1493 934 1549 et
953 1486 1103 1549 Domino
1129 1507 1200 1550 non

248 1586 401 1668 placuit3
433 1604 524 1648 nunc
553 1585 790 1648 recordabitur
817 1586 1037 1667 iniquitatum
1069 1606 1199 1665 eorum,

249 1693 285 1748 et
310 1685 467 1761 visitabit
492 1692 636 1767 peccata
660 1705 788 1748 eorum.
842 1685 889 1749 Et
912 1686 1001 1750 dixit
1028 1686 1200 1751 Dominus

249 1785 382 1863 adme,
415 1784 500 1849 Noli
526 1805 625 1849 orare
651 1805 715 1868 pro
744 1786 872 1869 populo
901 1787 968 1851 isto
996 1787 1032 1849 in
1059 1788 1198 1852 bonum.

251 1884 338 1949 Cum
356 1885 603 1970 jejunaverint,
624 1903 695 1950 non
717 1886 900 1949 exaudiam
919 1906 1038 1969 preces
1061 1907 1198 1967 eorum3

205 2006 236 2052 15
249 1993 284 2050 et
305 1985 335 2049 si
353 1987 541 2050 obtulerint
559 1975 763 2050 holocausta
784 1995 820 2050 et
840 1987 1011 2063 victimas,
1034 2007 1105 2051 non
1124 2007 1200 2051 sus·

243 2086 373 2168 ‘cipiam
388 2106 440 2150 ea.
494 2086 540 2150 Et
559 2073 695 2163 iterum,
717 2087 764 2149 Et
784 2086 873 2150 dixit
888 2086 1058 2150 Dominus
1073 2087 1117 2150 ad
1134 2108 1200 2164 mc,

250 2185 288 2249 Si
302 2188 436 2250 steterit
458 2186 600 2269 Moyses
622 2193 658 2250 et
678 2187 817 2250 Samuel
836 2206 952 2250 coram
969 2206 1035 2263 me,
1056 2207 1127 2250 non
1147 2196 1202 2252 est

250 2288 366 2350 anima
395 2306 472 2349 mea
501 2286 545 2349 ad
574 2275 739 2369 populum
773 2287 889 2350 istum.
942 2287 1039 2371 Ejice
1072 2287 1150 2351 illos
1179 2307 1201 2351 a

249 2385 336 2450 sacic
359 2406 435 2450 mea
454 2394 490 2450 et
510 2387 742 2468 egrediantur.
796 2387 843 2449 Et
865 2375 1085 2469 postpauca,
1113 2387 1200 2466 Quis
1306 2394 1311 2404 '

203 2493 237 2553 '20
249 2487 464 2551 miserebitur
491 2487 554 2564 tui,
581 2476 789 2564 Jerusalem,
819 2493 880 2550 aut
910 2486 988 2568 quis
1002 2485 1003 2490 ’
1016 2475 1201 2553 contrista-

249 2588 342 2650 bitur
366 2607 429 2669 pro
453 2595 498 2663 te,
521 2583 583 2650 aut
597 2574 674 2669 quis
696 2588 761 2651 ibit
775 2575 820 2650 ad
833 2586 1025 2668 rogandum
1037 2608 1101 2671 pro
1116 2608 1201 2671 pace

249 2689 335 2750 tuat
388 2687 444 2749 Tu
469 2687 638 2769 reliquisti
663 2707 730 2764 me,
762 2687 846 2750 dicit
873 2686 1056 2764 Dominus,
1082 2695 1118 2751 et
1146 2709 1200 2752 re-

249 2793 399 2851 trorsum
415 2775 540 2864 abiisti,
558 2795 594 2851 et
608 2787 793 2850 extendam
811 2805 952 2849 manum
967 2806 1078 2850 meam
1098 2776 1202 2870 super

250 2895 297 2966 te,
323 2886 359 2951 'et
385 2887 589 2951 interficiam
618 2894 665 2951 te.
718 2887 765 2951 Et
788 2894 869 2968 post
891 2887 1081 2969 aliquanta,
1110 2887 1201 2952 Haec

204 3005 236 3050 rs
249 2989 334 3052 dicit
354 2987 536 3065 Dominus,
561 2988 663 3065 Ecce,
680 3007 745 3069 ego
763 2974 857 3069 fingo
877 2995 999 3051 contra
1021 3007 1083 3052 vos
1107 2989 1201 3070 cogi·

249 3089 429 3166 tationem,
451 3095 646 3152 revertatur
658 3088 895 3170 unusquisque
908 3107 930 3151 a
944 3089 1002 3152 via
1020 3107 1084 3151 sua
1097 3090 1201 3167 mala,

250 3195 284 3252 et
307 3189 445 3271 dirigite
473 3189 549 3253 vias
580 3196 715 3253 vestras
743 3196 778 3252 et
806 3189 920 3253 studia
950 3197 1079 3253 vestra.
1132 3188 1203 3267 Qui

250 3288 424 3366 dixerunt,
444 3289 690 3371 Desperamus,
715 3296 795 3371 post
815 3288 1044 3370 cogitationes
1065 3280 1202 3353 nostras

249 3389 387 3465 ibimuS,
424 3396 460 3451 et
488 3390 725 3471 unusquisque
758 3388 967 3470 pravitatem
1008 3389 1120 3452 cordis
1149 3391 1203 3453 sui

197 3488 334 3552 tomuli
363 3481 540 3552 faciemus.
594 3488 679 3552 Ideo
709 3488 784 3551 haec
813 3488 897 3551 dicit
927 3487 1109 3566 Dominus,
1140 3489 1202 3553 In-

250 3596 426 3671 terrogate
440 3595 573 3670 gentes
592 3588 669 3670 quis
687 3588 819 3652 audivit
835 3587 921 3651 talia
935 3588 1111 3652 horribilia
1124 3609 1202 3673 quae

252 3689 333 3753 fecit
354 3689 455 3753 nimis
484 3689 584 3770 virgo
615 3687 749 3752 Israell
802 3687 972 3770 Nunquid
1000 3687 1136 3754 deficiet
1161 3691 1203 3755 de

238 3796 351 3872 'petra
379 3789 456 3870 agri
485 3788 547 3852 nix
578 3788 714 3865 Libani,
745 3794 807 3852 aut
831 3789 914 3852 velli
936 3797 1082 3871 possunt
1102 3810 1202 3874 aquae

250 3898 468 3972 erumpentes
493 3889 628 3971 frigidae
654 3889 871 3952 defiuentesl
898 3890 980 3971 quia
999 3890 1128 3954 oblitus
1150 3899 1203 3956 est

205 4009 235 4054 as
250 4011 305 4054 me
328 3991 477 4073 populus
498 4009 606 4053 meus
660 3989 707 4053 Et
734 3995 814 4071 post
843 3989 1034 4072 aliquanta,
1063 3992 1202 4072 optione

266 4196 276 4227 ³
294 4200 431 4263 Inpulere]
449 4200 499 4249 Ier.
512 4200 568 4248 xiii.
581 4203 613 4249 22
623 4215 630 4259 ;
642 4199 695 4248 xiv.
709 4203 739 4248 1⁰
750 4214 756 4259 ;
768 4169 813 4248 xv,
825 4202 850 4261 1,
861 4204 876 4247 5
886 4215 892 4260 ;
904 4199 976 4249 xviii.
989 4203 1018 4248 ll
1030 4216 1036 4259 3
1049 4200 1112 4249 xxii.
1126 4205 1149 4262 3,
1160 4204 1202 4250 24.
