2940 4884
488 417 661 469 urrsnoun
684 418 814 466 einum.
1086 406 1130 470 67

174 574 217 639 de
241 575 315 640 vita
341 595 407 641 sua
433 597 512 642 cum
541 579 707 644 infirmari
734 580 890 663 coeperit,
920 598 990 643 non
1013 588 1129 662 speret

173 676 369 755 sanitatem,
385 678 447 742 sed
460 679 561 744 cadet
574 679 610 743 in
622 680 835 763 languorem.
888 679 1023 747 Multos
1037 681 1129 746 enim

173 777 265 840 leesit
281 778 443 860 superbia
464 779 552 864 ejus,
579 787 614 844 et
636 781 807 846 marcidus
826 781 940 845 factus
962 788 1016 844 est
1038 782 1128 847 sicut

172 877 289 942 malva
310 879 348 943 16
369 886 469 958 aestu,
492 881 590 945 velut
611 881 708 963 spica
732 901 810 946 cum
841 882 884 945 de
909 881 1040 965 stipula
1063 901 1128 948 sua

144 988 160 1032 5
172 977 309 1043 decidit.
343 979 390 1046 Ε1
404 980 505 1046 infra.
544 980 647 1061 Quod
664 983 694 1046 si
707 983 808 1049 multi
820 981 948 1046 fuerint
962 983 1024 1046 filii
1038 982 1125 1067 ejus,

171 1079 208 1141 iu
219 1079 424 1145 occisionem
433 1088 545 1146 erunt.
599 1082 702 1161 Quod
717 1090 753 1147 et
767 1084 797 1149 si
810 1083 988 1166 collegerit
1001 1091 1042 1146 ut
1055 1090 1125 1147 ter·

171 1197 245 1247 ram
259 1188 452 1263 argentum,
476 1190 511 1247 et
524 1182 682 1249 similiter
695 1190 735 1247 ut
751 1184 862 1248 lutum
876 1185 1126 1267 praeparaverit

172 1299 306 1358 aurum,
321 1281 396 1345 haec
411 1284 527 1347 omnia
535 1283 625 1367 justi
639 1291 907 1366 consequentur.

223 1381 309 1465 §dd
335 1381 428 1460 Quid
454 1391 623 1466 praeterea
648 1385 770 1448 beatus
801 1385 931 1450 Esdras
955 1384 1190 1486 propheta1’23n
1177 1406 1238 1446 sensu

127 1491 159 1537 1⁰
170 1481 229 1545 rlle
258 1482 466 1547 bibliotheca
493 1484 581 1566 legis
606 1485 757 1549 minatus
782 1486 829 1549 sit
853 1485 1033 1563 attendite,
1058 1449 1222 1550 hocssssdrflr·

172 1581 274 1647 modo
302 1583 510 1665 disceptans.
563 1583 654 1648 Haec
684 1585 769 1650 dicit
806 1585 977 1650 Dominus
1015 1607 1123 1653 meus.

173 1681 256 1746 Nou
285 1691 405 1766 parcet
436 1684 581 1750 dextera
610 1704 687 1749 mea
715 1705 820 1770 super
843 1692 1039 1769 peccantes,
1062 1707 1126 1752 nec

172 1784 321 1848 cessabit
348 1784 525 1867 romphaea
552 1805 656 1868 snper
684 1786 897 1852 effundentes
921 1789 1126 1870 sanguinem

171 1883 357 1949 innocuum
393 1905 497 1968 super
532 1894 671 1951 terram.
724 1887 845 1952 Exibit
877 1888 968 1970 ignis
1002 1889 1046 1952 ab
1073 1889 1127 1953 ira

128 1997 158 2043 re
172 2003 262 2061 mea,
286 1992 321 2049 61
350 1985 531 2051 devorabit
558 1987 784 2052 fundamenta
811 1994 913 2053 terrae
940 1995 975 2052 et
1003 2008 1126 2071 pecca-

172 2093 265 2150 tores
288 2087 388 2169 quasi
410 2093 562 2152 stramen
571 2084 765 2152 incensum.
818 2087 885 2152 Vae
900 2089 950 2153 eis
966 2090 1026 2171 qui
1045 2109 1125 2172 peo-

172 2193 266 2264 cant,
289 2195 324 2253 et
348 2207 418 2251 non
439 2191 626 2254 observant
647 2187 812 2254 mandata
833 2208 922 2267 mea,
945 2189 1029 2254 dicit
1051 2190 1125 2254 Do-

172 2288 298 2366 minus,
325 2307 396 2353 nou
420 2308 561 2371 parcam
591 2289 672 2354 illis.
724 2287 902 2354 Discedite
931 2289 993 2353 filii
1023 2309 1125 2373 apos·

172 2395 269 2466 tatae,
314 2395 349 2453 et
387 2390 511 2454 nolite
539 2389 774 2456 contaminare
817 2390 1126 2454 sanctificationem

126 2493 295 2555 romeam.
349 2489 459 2555 Novit
483 2490 579 2555 Deus
604 2491 664 2574 qui
684 2498 830 2574 peccant
850 2491 887 2556 in
909 2511 999 2569 eum,
1020 2512 1126 2575 prop-

172 2596 269 2655 terea
296 2591 409 2655 tradet
437 2610 496 2655 eos
526 2592 564 2655 in
591 2599 748 2669 mortem,
779 2599 815 2655 61
842 2593 880 2655 16
907 2593 1124 2658 occisionem.

173 2689 256 2755 lam
277 2693 369 2755 enim
393 2699 563 2756 venerunt
584 2711 688 2776 super
707 2692 824 2757 orbem
843 2698 1012 2757 terrarum
1034 2693 1127 2757 mala

172 2792 293 2857 multa.
347 2792 526 2858 Immissus
563 2800 624 2858 661,
653 2791 789 2875 gladius
817 2793 916 2857 vobis
951 2792 1054 2874 ignis,
1091 2800 1126 2857 et

172 2893 251 2975 quis
275 2893 403 2976 estqui
424 2894 569 2959 recutiet
591 2895 658 2958 661
712 2891 880 2976 Ν666611
895 2895 1040 2958 recutiet
1062 2893 1125 2956 ali-

127 3010 160 3057 as
174 2993 251 3075 quis
279 2994 414 3058 leonem
442 2995 647 3060 esurientem
674 2993 711 3057 in
740 2995 853 3059 silva?
884 3001 946 3059 661
971 2995 1125 3076 6666611

173 3095 356 3178 extinguet
377 3095 492 3177 iguem
515 3116 592 3161 cum
618 3103 771 3160 stramen
795 3095 974 3160 incensum
995 3095 1125 3159 fueriti

173 3195 345 3260 Dominus
363 3195 460 3261 Deus
487 3197 602 3262 mittet
622 3196 726 3273 mala,
752 3203 788 3260 et
810 3198 886 3279 quis
914 3204 969 3260 est
990 3197 1051 3279 qui
1072 3215 1125 3259 re-

174 3297 281 3360 cutiet
310 3300 375 3361 661
413 3303 448 3361 61
474 3298 583 3362 exibit
619 3297 710 3380 ignis
748 3316 793 3360 ex
828 3297 1007 3361 iracundia
1038 3297 1126 3380 ejus,
1240 3301 1243 3308 '

174 3403 210 3460 et
225 3395 304 3479 quis
319 3395 502 3478 extinguet
524 3399 627 3461 euml
681 3395 897 3475 Coruscabit,
915 3397 1041 3478 etquis
1057 3415 1128 3458 666

129 3519 162 3566 eo
175 3496 334 3562 timebitl
365 3497 513 3574 tonabit,
542 3503 577 3561 61
602 3497 680 3580 6616
705 3515 776 3559 666
802 3496 977 3560 16661111
1031 3496 1127 3560 Ι)666

100 3602 103 3607 ”
175 3605 302 3662 666616
331 3598 529 3675 minabitur,
557 3605 592 3664 61
620 3596 696 3681 6616
729 3616 798 3660 666
828 3596 1041 3661 terrebiturl
1095 3593 1128 3660 A

175 3698 263 3762 facie
277 3699 352 3783 ejus
369 3706 493 3764 tremet
508 3706 612 3777 terra,
632 3706 667 3765 61
682 3697 906 3788 fundamenta
925 3697 1028 3762 maris
1044 3697 1129 3761 1166-
1229 3780 1232 3787 Δ

176 3806 321 3864 tuantur
335 3800 377 3865 de
390 3799 572 3883 profundo.

229 3900 247 3984 §
261 3900 316 3966 61.
340 3900 499 3966 Ezechiel
514 3919 651 3984 quoque
668 3900 839 3983 propheta
852 3900 1023 3983 egregiuS,
1044 3918 1130 3983 qua·
1143 3904 1245 3994 gffsgflssb

130 4021 161 4068 66
178 4007 325 4084 tuorque
350 4002 628 4085 evangelicorum
652 4001 852 4065 animalium
877 4000 1052 4065 mirandus
1077 4001 1130 4063 16-
1145 4004 1237 4045 mene.

179 4111 327 4184 spector,
365 4104 447 4186 quid
479 4103 521 4168 de
551 4102 727 4166 sceleratis
763 4102 920 4179 edixerit,
950 4099 1131 4178 attendite,

226 4284 237 4318 ⁹
255 4283 371 4357 [ledros]
385 4293 400 4338 4
413 4289 518 4352 Esdras,
529 4305 571 4338 xv.
583 4292 624 4350 22,
636 4291 784 4352 2162125,
796 4291 859 4348 etc.;
876 4286 928 4403 mg.
940 4289 966 4347 4,
968 4290 1002 4403 25,
1013 4288 1038 4347 6,
1050 4287 1096 4332 etc.

938 4368 950 4403 r
