2940 4884
329 406 372 471 86
639 416 810 465 nrisrom
834 415 964 463 cinon.

330 577 540 654 sacerdotes
566 582 602 640 et
626 594 697 638 non
718 575 807 638 bene
832 574 998 657 populum
1026 578 1098 635 tam
1126 573 1286 656 exempla

332 698 436 763 quam
452 677 560 742 verba
581 675 756 752 docentes,
775 674 946 738 minarum
964 673 1139 755 loquatur.
1192 672 1286 738 Nam

332 787 369 845 et
392 777 476 842 Heli
502 777 561 841 illo
589 775 750 840 sacerdos
776 775 812 839 in
838 773 924 851 Silo,
951 793 1015 856 pro
1038 792 1079 836 eo
1102 773 1194 855 quod
1216 793 1287 837 non

333 880 439 962 digno
468 878 546 941 Deo
573 876 647 940 zelo
683 894 803 940 severe
839 873 876 937 in
908 872 998 937 filios
1027 879 1289 937 contemnentes

336 980 451 1043 Deum
472 976 567 1042 uitus
581 975 707 1053 fuerat,
723 974 783 1038 sed
804 973 955 1038 molliter
969 980 1005 1037 et
1019 974 1216 1049 clementer,
1232 981 1288 1038 ut·
1317 994 1332 1038 s

336 1086 418 1163 pote
445 1084 591 1160 paterno
614 1075 752 1154 affectu,
773 1074 1012 1151 admonuerat,
1042 1074 1106 1138 tali
1133 1073 1289 1138 animad-

338 1179 496 1244 versione
531 1177 728 1256 damnatur,
755 1175 890 1240 dicente
920 1174 964 1237 ad
992 1192 1071 1238 eum
1101 1173 1290 1258 Propheta,

340 1278 430 1342 Haec
464 1276 548 1341 dicit
574 1276 758 1353 Dominus,
787 1273 976 1338 Manifeste
1001 1274 1137 1339 ostendi
1167 1294 1222 1338 me
1245 1275 1289 1338 ad

338 1378 478 1442 domum
506 1376 616 1459 patris
645 1376 698 1440 tui
725 1394 804 1438 cum
831 1381 947 1439 essent
978 1375 1014 1438 in
1038 1372 1195 1458 AEgypto
1218 1392 1291 1438 ser-

339 1479 473 1542 vientes
487 1475 693 1554 Pharaonis,
712 1481 748 1539 et
770 1474 859 1556 elegi
880 1474 1020 1539 domum
1041 1475 1151 1558 patris
1173 1475 1224 1539 tui
1247 1495 1292 1539 ex
1305 1492 1337 1538 ro

340 1579 498 1642 omnibus
517 1577 674 1640 tribubus
691 1575 803 1640 Israel
822 1574 907 1639 mihi
929 1575 965 1638 in
989 1575 1194 1641 sacerdotio.
1246 1575 1294 1640 Et

341 1685 421 1761 post
440 1695 563 1760 pauca,
578 1674 696 1754 Quare
719 1675 904 1758 respexisti
925 1674 961 1737 in
979 1674 1157 1739 incensum
1178 1695 1293 1739 meum

343 1778 433 1841 etin
457 1776 663 1840 sacrificium
677 1796 791 1840 meum
806 1775 963 1859 improbo
985 1776 1112 1841 oculoi
1136 1782 1172 1840 et
1184 1776 1293 1840 hono-

343 1877 485 1942 rificasti
500 1876 589 1940 filios
614 1884 693 1941 tuos
714 1876 793 1960 plus
806 1894 911 1958 quam
932 1894 999 1953 me,
1013 1883 1053 1940 ut
1075 1876 1294 1940 benediceres

342 1997 403 2042 eos
420 1995 442 2040 a
456 1976 642 2060 primordio
654 1977 691 2039 in
706 1975 863 2040 omnibus
887 1974 1064 2040 sacrificiis
1078 1996 1194 2042 coram
1214 1978 1293 2042 mc't
1308 1991 1339 2038 rs

344 2078 392 2141 Et
414 2097 507 2141 nunc
528 2077 579 2141 sic
600 2076 685 2140 dicit
708 2076 890 2155 Dominus,
904 2074 1078 2154 Quoniam
1102 2077 1162 2159 qui
1185 2076 1294 2142 hono-
1369 2160 1371 2164 ,

344 2177 480 2243 rificant
502 2196 569 2255 mc,
583 2176 760 2241 honorabo
783 2194 862 2257 eos3
886 2175 995 2259 etqui
1016 2197 1079 2260 pro
1104 2177 1212 2242 nihilo
1232 2177 1295 2240 ha·

344 2279 507 2356 bentme,
529 2277 574 2341 ad
597 2277 742 2340 nihilum
761 2276 972 2359 redigentur.
1024 2277 1126 2356 Ecce,
1149 2277 1222 2342 dies
1235 2297 1295 2342 ve·

345 2379 454 2455 nient,
468 2384 504 2442 et
524 2377 720 2460 disperdam
734 2397 860 2441 nomen
872 2384 982 2457 tuum,
997 2384 1033 2442 et
1046 2396 1163 2442 semen
1174 2378 1296 2442 domus

346 2477 459 2560 patris
480 2477 543 2542 tui.
595 2477 642 2542 Et
663 2477 729 2541 hoc
750 2477 814 2541 tibi
835 2477 971 2559 signum
994 2477 1052 2556 sit,
1073 2477 1166 2561 quod
1180 2479 1342 2544 venietno

346 2596 451 2660 super
471 2577 558 2640 duos
580 2577 668 2641 filios
688 2585 767 2642 tuos
783 2577 900 2660 Ophni
923 2584 958 2641 et
973 2577 1145 2660 Phinees;
1168 2577 1205 2642 in
1226 2599 1297 2644 uno

347 2678 402 2741 die
424 2678 613 2741 morientur
635 2679 736 2741 ambo
758 2677 794 2741 in
817 2678 932 2759 gladio
947 2678 1110 2745 virorum.
1163 2678 1200 2742 Si
1222 2679 1297 2743 haec

347 2778 465 2860 itaque
487 2778 678 2861 patiuntur,
694 2779 754 2860 qui
768 2777 881 2842 verbis
898 2785 1034 2842 tantum
1056 2779 1242 2864 subjectos
1262 2787 1298 2844 et

348 2899 419 2941 non
440 2878 546 2959 digna
567 2877 698 2940 ultione
721 2878 917 2956 emendant,
933 2879 1015 2961 quid
1038 2879 1123 2962 ipsis
1144 2880 1215 2959 fiet,
1238 2881 1298 2963 qui

348 2978 391 3041 ad
407 2977 500 3040 mala
514 2978 698 3042 hortantur
711 2978 886 3060 peccando
901 2985 936 3042 et
949 2979 1116 3044 trahunti
1310 2995 1342 3040 ns

297 3084 302 3097 ’
400 3077 488 3161 §77.
524 3076 617 3156 Quid
646 3077 698 3140 illi
721 3098 857 3161 qnoque
888 3080 1106 3163 perspicuum
1134 3087 1190 3144 est
1214 3099 1298 3145 vero

348 3177 433 3254 vati,
449 3184 528 3259 post
552 3176 784 3259 expletionem
807 3180 899 3260 signi
919 3182 961 3244 ab
987 3180 1107 3245 eodem
1128 3180 1298 3263 praedicti,

349 3284 384 3341 et
399 3278 652 3342 restitutionem
665 3279 771 3342 aridae
786 3298 910 3342 manus
929 3281 1035 3362 impio
1049 3282 1134 3364 regi,
1149 3281 1254 3344 misso
1277 3299 1300 3344 a

348 3376 372 3440 J
374 3378 475 3441 udaea
484 3379 691 3461 prophetare
702 3379 738 3441 in
748 3379 883 3457 Becher,
899 3380 1152 3464 prohibitoque,
1164 3381 1298 3464 nequid

348 3478 474 3542 ibidem
498 3479 564 3542 cibi
587 3486 756 3560 gustaret,
782 3499 823 3543 ac
845 3480 989 3563 decepto
1013 3482 1057 3545 ab
1084 3482 1165 3559 alio,
1185 3488 1226 3545 ut
1248 3481 1299 3544 di·
1313 3502 1344 3547 so

349 3578 451 3656 citur,
484 3578 665 3662 propheta,
692 3586 731 3642 ut
753 3599 875 3662 parum
904 3582 986 3663 quid
1016 3583 1117 3665 panis
1142 3589 1178 3647 et
1199 3601 1300 3665 aquae

350 3685 512 3755 sumeret,
550 3679 686 3761 obtigit,
714 3680 850 3745 dicente
879 3681 922 3745 ad
951 3702 1029 3746 eum
1059 3701 1123 3747 suo
1151 3681 1299 3766 hospite.

385 3935 516 4001 ⁴Severe.]
534 3938 649 3998 Servare,
662 3938 696 3988 Β.
875 3936 894 3968 2⁴
907 3938 987 4000 Fiet]
1005 3936 1086 4000 Fecit,
1098 3937 1132 3986 Β.

385 4005 394 4034 ⁴
415 4011 597 4057 contemnentes
620 4009 701 4057 Denm
725 4010 813 4073 nitus]
874 4007 895 4038 ⁹⁶
909 4009 976 4063 Quid
999 4008 1038 4057 illi
1051 4044 1057 4057 .
1071 4043 1098 4057 ..
1115 4007 1204 4056 oceidit
1226 4010 1301 4073 eum]

350 4079 493 4127 Contemtos
503 4079 527 4126 in
541 4079 624 4126 Deum
636 4079 732 4139 vultus,
744 4081 777 4130 B.
842 4081 896 4129 Orn.
914 4080 943 4129 V.

384 4147 394 4176 ⁵
410 4149 519 4212 Utpote.]
539 4149 574 4196 Ut
585 4154 657 4210 puta,
670 4150 703 4198 Β.
874 4147 895 4181 ³²
906 4149 1033 4212 Dicente]
1052 4153 1067 4198 2
1080 4149 1144 4212 Reg.
1157 4149 1212 4198 xiii.
1225 4153 1266 4201 21.

384 4215 394 4247 ²
407 4217 550 4283 Propheta]
568 4223 580 4267 1
594 4219 661 4269 Sam.
674 4220 701 4269 ii.
713 4225 755 4281 28,
766 4225 811 4272 etc.
