2940 4884
518 422 690 470 nrrsvonn
713 425 843 472 cmnn.
1058 417 1062 422 “
1110 410 1153 472 97

201 579 328 658 culum,
343 590 379 647 et
395 590 513 648 votum
537 585 668 649 faciens
687 587 843 651 immolat
865 586 976 651 debile
989 587 1151 665 Domino,

201 680 284 761 quia
305 702 368 746 rex
390 703 537 766 magnus
558 706 623 768 ego
646 707 735 764 sum,
758 688 842 751 dicit
858 688 1029 751 Dominus
1052 707 1151 751 exer·

201 781 342 860 cituum,
370 792 406 848 et
429 805 554 849 nomen
580 807 692 850 meum
720 788 881 851 horribile
907 789 944 851 in
976 788 1150 870 gentibus,

201 880 249 946 Et
270 902 361 946 nuno
385 885 508 950 advos
531 887 732 951 mandatum
751 887 829 965 hoc,
844 887 875 951 Ο
890 888 1099 965 sacerdotes,
1122 889 1152 952 si

171 981 380 1047 onolueritis
406 985 524 1050 audire
548 993 583 1050 et
606 1006 733 1070 ponere
767 1007 871 1070 super
898 1008 969 1066 cor,
993 996 1033 1052 ut
1061 989 1151 1052 detis

200 1081 347 1162 gloriam
369 1084 500 1150 nomini
527 1106 615 1165 meo,
645 1088 696 1151 ait
725 1087 895 1153 Dominus
924 1089 1150 1166 exercituum,

200 1182 334 1248 mittam
353 1184 390 1248 in
405 1204 469 1250 vos
492 1195 694 1268 egestatem,
715 1195 750 1252 et
772 1189 974 1253 maledicam
989 1189 1150 1252 benedic·

199 1281 351 1347 tionibus
367 1286 503 1364 vestriS,
519 1288 681 1369 quoniam
697 1308 767 1352 non
780 1290 944 1371 posuistis
958 1309 1063 1372 super
1078 1309 1148 1354 cor.

200 1382 302 1462 Ecce,
316 1405 382 1467 ego
390 1386 570 1471 projiciam
585 1389 683 1453 vobis
698 1389 888 1467 brachium,
904 1397 939 1454 et
952 1390 1149 1472 dispergam

59 1521 60 1524 =
154 1500 187 1545 lo
200 1502 303 1567 super
321 1487 456 1551 vultum
474 1495 627 1552 vestrum
649 1497 781 1553 stercus
796 1489 1055 1554 sollennitatum
1071 1509 1148 1554 ves-

198 1590 342 1652 trarum.
394 1587 462 1651 Sed
475 1588 620 1668 interea,
633 1597 673 1653 ut
686 1590 821 1655 avidius
836 1609 969 1672 organa
985 1590 1149 1673 nequitiae

199 1687 402 1768 praeparetis
431 1688 476 1752 ad
505 1690 608 1766 bona,
637 1690 719 1771 quid
746 1690 789 1754 de
816 1697 938 1755 sancto
970 1690 1149 1754 sacerdote

199 1784 304 1863 dicat,
319 1788 349 1851 si
363 1789 703 1872 quantulumcunque
720 1790 833 1854 adhuc
859 1791 985 1855 interni
1009 1790 1148 1854 auditus

198 1884 235 1948 in
249 1888 348 1951 vobis
362 1898 527 1968 remanet,
544 1891 757 1956 auscultate:
783 1891 930 1956 Pactum
953 1911 1078 1968 meum,
1095 1891 1148 1953 in-

154 2000 185 2045 15
199 1987 333 2068 quienS,
346 1988 413 2053 fuit
427 2009 505 2053 cum
519 1986 654 2055 eo—de
668 1991 753 2055 Levi
768 2011 927 2072 namque,
942 1991 998 2056 vel
1012 1992 1149 2074 Moyse,

197 2089 386 2152 secundum
414 2090 594 2155 historiam
618 2091 957 2173 loquebatur-vitae
984 2098 1019 2155 et
1040 2092 1149 2174 pacis,

198 2187 276 2252 dedi
291 2189 322 2253 ei
337 2191 494 2255 timorem
508 2198 544 2255 et
558 2191 674 2255 timuit
687 2211 754 2270 me,
768 2211 790 2254 a
803 2191 892 2256 facie
909 2192 1058 2255 nominis
1082 2192 1149 2255 mei

197 2291 360 2371 pavebat,
375 2291 434 2355 lex
447 2291 604 2356 veritatis
619 2291 686 2355 fuit
699 2291 736 2355 in
751 2311 810 2357 ore
833 2291 920 2376 ejus,
935 2299 971 2356 et
982 2292 1150 2372 iniquitas

199 2409 268 2452 non
285 2397 338 2454 est
351 2392 495 2456 inventa
508 2391 545 2455 in
559 2392 660 2455 labiis
683 2391 713 2476 ej
719 2411 771 2470 uS,
784 2393 820 2455 in
835 2411 921 2475 pace
936 2399 971 2456 et
985 2393 1022 2455 iu
1040 2390 1148 2473 aequi·
1179 2388 1184 2399 “

151 2509 184 2554 no
198 2495 270 2553 tate
293 2491 484 2556 ambulavit
503 2510 647 2570 mecum,
662 2499 697 2555 et
719 2493 846 2557 multos
869 2492 995 2557 avertit
1017 2493 1061 2555 ab
1083 2491 1149 2555 ini-

198 2591 343 2672 quitate.
396 2591 507 2656 Labia
520 2590 611 2655 enim
624 2592 813 2667 sacerdotis
829 2593 1024 2657 custodient
1037 2593 1149 2655 scien·

197 2691 294 2768 tiam,
311 2700 346 2757 et
360 2691 472 2774 legem
494 2692 671 2774 requirent
693 2712 738 2756 ex
760 2712 819 2756 ore
838 2691 925 2776 ejus,
944 2692 1026 2774 quia
1041 2711 1147 2773 ange·

197 2790 252 2854 lus
267 2791 410 2856 Domini
425 2793 640 2857 exercituum
660 2798 724 2855 est.
778 2791 813 2856 N
814 2813 882 2856 unc
903 2794 987 2856 item
1001 2792 1150 2856 mutavit

198 2911 348 2970 sensum,
371 2900 407 2957 et
420 2895 529 2958 malos
543 2893 722 2976 increpare
743 2913 813 2957 non
833 2892 971 2971 desinit,
985 2892 1073 2970 vos,
1095 2893 1149 2955 iu·

153 2993 332 3075 nequiens
347 2994 536 3058 recessistis
552 2994 594 3057 de
609 2995 679 3071 via,
695 3001 730 3058 et
743 2993 1048 3058 descandalizastis
1071 2994 1148 3075 plu·

198 3094 303 3158 rimos
317 3093 353 3157 in
367 3094 455 3177 lege,
467 3102 502 3160 et
514 3095 650 3159 irritum
662 3094 792 3158 lecistis
806 3101 947 3177 pactum
961 3114 1038 3157 cum
1050 3094 1149 3171 Levi,

198 3193 282 3258 dicit
296 3194 467 3259 Dominus
487 3197 713 3260 exercituum.
766 3193 915 3277 Propter
929 3194 1021 3277 quod
1035 3200 1070 3256 et
1084 3213 1149 3276 ego

198 3293 276 3358 dedi
289 3314 353 3359 vos
367 3295 617 3360 contemtibiles
635 3301 671 3358 et
693 3293 838 3357 humiles
853 3295 891 3357 in
905 3294 1063 3358 omnibus
1086 3312 1149 3374 po·

199 3393 301 3475 pulis,
317 3395 407 3459 sicut
425 3416 496 3459 non
518 3395 683 3459 servastis
700 3394 773 3458 vias
796 3411 902 3470 meaS,
918 3401 954 3456 et
967 3392 1150 3474 accepistis

154 3514 185 3559 ao
199 3493 321 3558 faciem
345 3495 382 3559 in
406 3495 494 3576 lege.
548 3494 716 3575 Nunquid
744 3512 814 3556 non
837 3501 936 3575 pater
961 3509 1051 3554 unus
1076 3511 1150 3555 om-

199 3595 294 3659 nium
317 3597 497 3659 nostruml
521 3593 678 3676 nunquid
699 3613 770 3657 non
785 3592 883 3656 Deus
908 3611 999 3655 unus
1019 3591 1151 3656 creavit

199 3697 286 3759 nosl
339 3694 456 3774 Quare
479 3714 562 3775 ergo
584 3694 731 3776 despicit
752 3694 989 3775 unusquisque
1009 3692 1151 3756 fratrem

198 3798 322 3860 suum?
374 3796 422 3860 Et
443 3795 580 3871 iterum,
604 3795 695 3858 Ecce
717 3793 833 3881 veniet
855 3794 1027 3858 Dominus
1051 3812 1151 3856 exer-

198 3896 339 3973 cituum,
362 3904 398 3961 et
421 3897 498 3979 quis
525 3894 653 3978 poterit
681 3893 835 3975 cogitare
859 3895 948 3958 diem
980 3894 1151 3958 adventus

153 4010 185 4055 aa
199 3995 298 4080 ejusl
333 4004 368 4061 et
394 3997 472 4079 quis
496 3995 603 4059 stabit
630 3993 674 4058 ad
699 3993 885 4058 videndum
911 3994 1016 4058 euml
1069 3990 1151 4073 Ipse

435 4195 493 4246 ⁴Et
503 4211 566 4246 oues
579 4232 585 4247 .
600 4231 606 4246 .
620 4194 700 4255 .sucti
711 4193 790 4258 euot.]
807 4184 864 4244 Dm.
882 4193 912 4243 V.

938 4291 960 4354 3
975 4308 1000 4352 n
