2940 4884
516 410 686 458 nrrsroun
712 412 857 459 eruum.
1108 396 1152 457 45

202 569 361 651 augendo
376 570 498 652 priscis
515 591 606 636 nova
620 572 777 654 piaculis.
820 571 1039 654 Spernuntur
1052 589 1150 635 nam-

200 689 268 752 que
289 671 421 753 primae,
436 678 516 753 post
542 671 702 736 monachi
714 680 834 737 votum
857 672 1004 749 irritum,
1019 671 1149 735 illicitae

199 770 292 847 licet,
307 778 378 834 tam
400 772 548 854 propriae
566 772 726 857 conjugis
748 773 982 855 praesumtivae
1006 773 1149 855 nuptiae,

200 871 260 934 alii
273 870 339 936 viri
353 872 514 950 viventis,
530 893 600 937 non
615 873 763 950 externi,
778 873 839 936 sed
854 871 971 936 fratris
987 872 1049 936 filii
1064 872 1147 937 ada·

172 978 314 1051 smata3
339 973 383 1036 ob
397 991 476 1055 quae
490 973 577 1036 dura
591 974 709 1038 cervix
723 973 785 1037 illa
798 972 917 1036 multis
927 973 1002 1056 jam
1026 992 1148 1055 pecca-

199 1072 330 1135 minum
356 1071 506 1137 fascibus
534 1081 689 1152 onerata,
711 1074 794 1137 bino
817 1072 1027 1156 parricidiali
1050 1093 1149 1151 ausu,

200 1172 386 1237 occidendo
423 1174 670 1256 supradictum,
707 1193 918 1256 uxoremque
953 1180 1049 1237 tuam
1087 1175 1151 1237 ali-

200 1273 364 1353 quamdiu
380 1293 401 1337 a
415 1280 450 1338 te
464 1272 630 1352 habitam,
647 1273 743 1339 velut
756 1293 890 1338 summo
912 1273 1084 1354 sacrilegii
1099 1276 1152 1338 tui

200 1373 360 1451 culmine,
375 1373 418 1437 de
440 1375 518 1437 imis
539 1375 583 1437 ad
605 1373 768 1438 inferiora
787 1381 962 1438 curvatur.
1015 1373 1151 1439 Dehinc

155 1487 188 1532 ro
200 1473 308 1551 illam,
321 1473 420 1558 cujus
434 1474 564 1538 dudum
584 1474 733 1539 colludio
749 1493 790 1537 ac
803 1475 1026 1556 suggestione
1040 1480 1150 1539 tantae

200 1581 283 1637 sunt
295 1581 515 1657 peccatorum
530 1576 654 1638 subitae
669 1574 791 1652 moles,
805 1574 862 1661 (ut
876 1575 981 1639 etiam
1003 1575 1150 1657 publicae

200 1672 341 1739 fallaces
355 1676 586 1757 parasitorum
608 1675 737 1758 linguae
757 1682 895 1739 tuorum
919 1675 1149 1755 conclamant,

200 1775 341 1838 summis
356 1782 473 1840 tamen
487 1775 600 1854 labiis,
621 1796 691 1841 non
706 1796 752 1840 ex
764 1776 886 1840 intimo
902 1771 1045 1860 cordis)
1063 1775 1150 1858 legi-.

199 1875 296 1953 timo,
311 1882 432 1959 utpote
440 1876 631 1955 viduatam,
645 1875 758 1954 thoro,
772 1883 812 1940 ut
825 1883 953 1941 nostrae
965 1896 1059 1954 vero,
1075 1895 1166 1941 sce-n

155 1984 186 2030 15
199 1975 406 2040 leratissimo
435 1977 613 2053 adscivisti
641 1977 824 2041 connubio.
899 1975 1008 2061 Cujus
1043 1977 1168 2058 igitur·

199 2078 312 2141 sancti
326 2077 460 2141 viscera
483 2077 546 2140 tali
570 2077 749 2141 stimulata
769 2076 916 2141 historia
937 2097 1007 2141 non
1031 2079 1150 2141 statim

198 2176 235 2239 in
263 2177 365 2241 fletus
398 2177 639 2261 singultusque
666 2179 920 2260 prorumpant?
974 2175 1061 2256 Quis
1093 2197 1149 2242 sa-

199 2277 331 2354 cerdoS,
352 2276 451 2361 cujus
475 2297 535 2341 cor
553 2284 685 2341 rectum
705 2277 783 2341 Deo
806 2262 915 2360 patet,
938 2297 1008 2341 non
1030 2279 1149 2342 statim

199 2375 275 2440 haec
290 2377 433 2441 audiens
443 2397 571 2460 magno
581 2398 659 2442 cum
668 2378 804 2442 ululatu
815 2378 900 2442 illud
910 2377 1149 2461 propheticum

153 2489 186 2534 2⁰
199 2478 304 2556 dicat,
315 2477 403 2555 Quis
417 2468 515 2542 dabit
530 2480 636 2562 capiti
649 2499 725 2544 meo
740 2498 878 2562 aquam,
893 2486 928 2543 et
943 2479 1052 2542 oculis
1065 2481 1150 2544 meis

199 2578 329 2643 fontem
355 2579 598 2643 lacrimarum?
622 2587 658 2644 et
679 2579 821 2663 plorabo
844 2580 881 2643 in
906 2579 962 2643 die
986 2587 1021 2644 et
1046 2588 1149 2644 nocte

198 2679 398 2744 interfectos
412 2680 531 2763 populi
546 2680 624 2744 mei.
654 2679 749 2758 Heu,
765 2679 934 2762 siquidem
948 2700 1071 2763 parum
1087 2700 1150 2744 au-

199 2781 293 2843 ribus
308 2781 459 2863 captasti
477 2779 714 2863 propheticam
730 2780 1006 2864 objurgationem
1024 2780 1075 2844 ita
1096 2781 1148 2844 di-

199 2887 345 2958 centem,
359 2880 426 2946 Vae
442 2881 552 2959 vobiS,
569 2881 635 2945 viri
648 2881 757 2964 impii,
770 2881 830 2964 qui
850 2880 1081 2964 dereliquistis
1097 2881 1148 2945 le·

153 2999 185 3044 ns
200 3001 277 3063 gem
294 2981 362 3045 Dei
378 2981 548 3058 altissimi,
564 2988 600 3045 et
623 2981 654 3044 si
677 2982 751 3045 nati
764 2980 911 3058 fueritis
925 2981 962 3044 in
984 2981 1147 3045 maledic-

199 3082 293 3146 tione
316 3081 524 3161 nascemini;
548 3089 584 3145 et
605 3082 635 3146 si
661 3082 788 3146 mortui
814 3082 959 3160 fueritis
982 3081 1019 3144 in
1041 3083 1147 3146 male-

180 3228 182 3233 ,
198 3182 383 3247 dictionem
397 3184 462 3246 erit
475 3201 556 3266 pars
572 3189 700 3247 vestra.
753 3182 891 3261 Omnia,
906 3201 984 3265 quae
999 3183 1042 3246 de
1057 3189 1150 3247 terra

199 3289 292 3361 sunt,
306 3284 342 3346 in
357 3291 484 3347 terram
503 3283 615 3359 ibunt,
631 3283 680 3347 sic
702 3283 799 3365 impii
814 3303 836 3347 a
849 3282 1091 3346 maledictione
1112 3285 1163 3347 in.

136 3409 140 3413 ·
198 3377 704 3466 perditionem—subauditur,
725 3383 919 3459 ibunt-si
941 3403 1011 3447 non
1033 3403 1148 3446 rever-

154 3508 186 3554 ao
199 3490 319 3547 tantur
349 3483 394 3546 ad
423 3482 623 3560 Dominum,
647 3482 813 3546 exaudita
840 3482 963 3546 saltem
993 3481 1148 3547 admoni-

200 3585 306 3662 tione,
328 3583 407 3661 Fili,
426 3584 603 3666 peccasti?
626 3604 669 3647 111
685 3582 829 3667 adjicias
848 3583 952 3660 ultra,
970 3582 1031 3645 sed
1049 3589 1085 3646 et
1106 3583 1148 3647 de

199 3685 354 3768 pristinis
377 3682 446 3748 tuis
468 3683 665 3765 deprecare,
688 3683 736 3747 Et
758 3684 894 3760 iterum,
918 3681 1002 3748 Non
1030 3683 1146 3747 tardes

199 3785 354 3850 converti
379 3784 422 3849 ad
447 3783 646 3862 Dominum,
670 3804 782 3867 neque
807 3783 944 3847 differas
968 3784 1011 3848 de
1035 3783 1090 3848 die
1112 3785 1149 3849 in

234 4052 255 4085 ¹⁴
267 4049 368 4122 Thero]
392 4054 438 4114 V.;
455 4053 559 4104 1111.Β.’
723 4048 743 4082 ¹⁹
755 4046 952 4119 Prophetiam]
969 4052 1023 4102 Jer.
1036 4052 1072 4101 ix.
1084 4055 1109 4101 1.

233 4123 254 4156 ¹⁴
269 4119 490 4193 Utaortroeoero.]
508 4125 552 4186 J.;
568 4137 615 4172 om.
628 4123 662 4173 Β.
723 4117 1107 4190 93111111111]1311111111.

204 4196 234 4245 V.
724 4189 1097 4255 8111111]Ε111.1111.1;1.8.
1144 4239 1145 4242 ,
