2940 4884
462 431 636 480 ursroum
660 432 790 479 ernon.
1061 414 1104 477 13
1146 406 1147 410 ’

151 587 207 649 sui
232 587 451 670 humanoque
475 589 588 665 fidem,
612 595 658 666 et,
681 589 817 673 abjecto
840 589 921 653 coeli
943 595 979 652 et
1001 589 1128 652 terrae'

152 695 257 765 metu,
283 688 430 771 propriis
456 689 757 755 adinventionibus
780 689 931 771 aliquem
955 709 1000 752 ex
1025 689 1103 753 libi-

89 772 98 793 '
152 787 289 851 dinibus
311 789 411 870 regit
464 789 579 872 Igitur
593 790 755 855 omittens
769 790 849 855 illos
862 790 994 873 priscos
1009 808 1102 854 com-

151 906 341 971 munesque
363 909 441 952 cum
463 890 620 953 omnibus
641 889 801 972 gentibus
817 909 961 968 erroreS,
978 890 1103 972 quibus

123 997 233 1053 sante
256 989 444 1054 adventum
467 989 597 1054 Christi
616 990 654 1053 in
676 1009 779 1055 carne
799 1010 899 1054 omne
915 990 1103 1053 humanum

153 1108 262 1170 genus
276 1089 496 1172 obligabatur
510 1090 726 1166 adstrictum,
739 1109 803 1153 nec
819 1108 1024 1154 enumerans
1040 1108 1102 1172 pa-

152 1189 229 1252 triae
253 1195 415 1272 portenta
435 1189 512 1272 ipsa
537 1189 718 1266 diabolica,
743 1208 830 1271 pene
854 1208 997 1254 numero
1026 1190 1103 1257 vin-

153 1289 694 1371 centiaAEgyptiaca,-quorum
703 1288 1103 1366 nonnulla,lineamentis

154 1388 267 1452 adhuc
286 1388 495 1453 deformibus
514 1389 607 1452 intra
621 1389 677 1454 vel
699 1396 800 1452 extra
819 1388 956 1453 deserta
975 1389 1105 1452 moenia

111 1505 142 1549 ro
156 1489 258 1552 solito
273 1507 367 1552 more
382 1488 541 1570 rigentia,
558 1489 666 1553 torvis
681 1489 834 1553 vultibus
856 1489 1031 1552 intuemur
1043 1508 1107 1569 3-

157 1607 269 1670 neque
290 1588 492 1653 nominatim
513 1589 733 1652 inclamitans
753 1595 888 1653 montes
912 1590 1018 1672 ipsos,
1043 1595 1106 1652 aut

157 1687 270 1752 sontes
298 1688 354 1753 vel
384 1688 501 1766 colles,
534 1695 596 1753 aut
627 1689 750 1753 fluvios
785 1690 868 1754 olim
899 1689 1110 1766 exitiabilcS,

158 1808 249 1852 nunc
270 1808 353 1854 vero
374 1788 533 1853 humanis
551 1790 669 1853 usibus
684 1790 799 1868 utiles,
821 1791 945 1873 quibus
968 1790 1106 1854 divinus

158 1888 268 1954 honor
283 1909 305 1953 a
320 1908 412 1957 caeco
426 1897 510 1954 tunc
524 1890 653 1972 populo
663 1890 903 1955 cumulabatur
915 1911 924 1970 3
938 1896 974 1954 et
988 1896 1112 1958 tacens

113 2001 145 2046 1⁵
158 1996 315 2054 vetustos
341 1990 540 2053 immanium
573 1997 800 2073 tyrannorum
827 2009 949 2069 annos,
984 1991 1044 2073 qui
1071 1990 1110 2057 in

160 2089 236 2152 aliis
258 2089 361 2170 longe
383 2089 505 2173 positis
527 2090 724 2172 regionibus
745 2090 880 2172 vulgati
895 2096 989 2167 sunt,
1004 2091 1055 2153 ita
1069 2096 1109 2152 ut

161 2188 388 2272 Porphyrius,
422 2189 561 2253 rabidus
598 2191 693 2252 canis
731 2190 908 2253 orientalis
942 2189 1112 2256 adversus.

162 2288 352 2366 ecclesiam,
377 2288 559 2352 dementiae
583 2307 656 2353 suae
679 2308 720 2352 ac
739 2289 905 2353 vanitatis
929 2289 1022 2374 stylo
1044 2289 1110 2353 hoc

162 2389 267 2452 etiam
281 2395 491 2466 annecteret,
515 2388 721 2453 ‘Britannia
735 2389 811 2467 est,'
827 2390 999 2471 inquienS,
1022 2388 1110 2453 ‘fer-
1209 2380 1215 2389 ’

116 2508 149 2552 no
161 2489 232 2553 tilis
256 2489 435 2570 provincia
460 2490 710 2572 tyrannorum,'
735 2489 797 2553 illa
819 2497 936 2554 tamen
960 2489 1272 2585 proferreggpoftu

162 2590 313 2654 conabor
337 2589 373 2652 in
398 2589 559 2666 medium,
584 2609 662 2672 quac
690 2590 901 2672 temporibus
925 2591 1112 2673 imperato.
1182 2573 1188 2583 ’

162 2710 238 2753 ιιιιιι
262 2689 500 2754 Romanorum
520 2695 555 2752 et
569 2709 674 2772 passa
696 2697 749 2754 est
771 2695 806 2752 et
823 2691 901 2754 aliis
923 2690 1042 2754 intulit
1064 2690 1112 2754 ci-.

163 2790 264 2855 vibus
289 2790 393 2874 longe
417 2789 540 2873 positis
566 2779 679 2869 mala3
710 2795 879 2873 quantum
904 2798 1020 2854 tamen
1050 2809 1113 2872 po-

163 2897 274 2968 tuero,
296 2910 366 2954 non
381 2897 454 2954 tam
470 2910 515 2954 ex
530 2891 708 2973 scripturis
726 2891 849 2973 patriae
864 2891 1113 2974 scriptorumve

118 3007 149 3052 25
164 2991 573 3074 monimentis-quippe
589 3011 679 3073 quae,
699 2992 756 3055 vel
771 2991 801 3054 si
815 3010 885 3073 qua
897 2990 1038 3068 suerint,
1052 2997 1114 3054 aut

164 3092 302 3172 ignibus
325 3091 476 3156 hostium
496 3099 633 3168 exusta,
655 3098 717 3155 aut
732 3091 859 3156 civium
875 3091 990 3155 exsilii
1003 3092 1114 3155 classe

163 3191 303 3274 longius
314 3193 508 3279 deportata,
521 3212 591 3256 non
602 3200 992 3274 compareant-quam
1001 3198 1114 3255 trans·

202 3491 295 3564 ²Ex.]
314 3497 356 3560 Et,
368 3497 401 3546 Β.
418 3498 448 3547 V.
655 3496 796 3559 prophetia,
813 3497 983 3546 sedhistoria.
1019 3497 1117 3547 Adver-

204 3565 214 3594 ³
230 3567 337 3630 Igitur]
354 3567 438 3629 Igitur
448 3582 507 3629 non,
521 3569 554 3617 G.
655 3581 699 3616 sus
716 3568 792 3616 istum
813 3567 984 3628 Hieronymus
999 3570 1118 3630 exposuit

202 3635 213 3667 ⁶
232 3631 417 3704 Obligcbutur.]
436 3637 581 3699 Obligatur,
595 3638 629 3687 A.
654 3637 798 3705 Danielem,
815 3637 848 3689 A.
870 3653 949 3700 marg.
985 3638 1039 3688 The
1059 3641 1067 3668 ‘
1077 3655 1117 3688 ra-

204 3705 328 3757 ⁶Patrioe
360 3708 493 3771 portentu]
530 3708 630 3757 Britan-
653 3709 730 3757 bidus
748 3703 831 3757 cunis’
850 3706 879 3755 of
893 3708 936 3756 the
957 3709 1052 3758 textis
1072 3725 1116 3771 ap·

166 3779 218 3828 niae
229 3779 307 3840 idola,
318 3777 352 3828 A.
363 3780 437 3840 gloss.
654 3778 908 3840 parentlyborrowed
918 3778 982 3826 from
992 3779 1116 3829 Jerome’s

202 3846 224 3879 ¹⁰
240 3849 380 3912 Rigeatta.]
397 3849 430 3897 Id
446 3853 493 3910 est,
509 3849 629 3911 sitientia,
654 3848 762 3899 Preface
773 3854 798 3898 to
811 3848 851 3897 his
862 3848 941 3896 Work
959 3849 1021 3899 ‘De
1032 3850 1116 3912 Scrip-

168 3920 287 3982 A.gloss.
576 3935 579 3940 ·
653 3919 968 3969 toribusEcclesiasticis.'

205 3987 223 4024 ¹⁷
239 3988 629 4053 Pmpbyrins.]Porphiriusiste
688 3986 709 4019 ²⁰
727 3984 838 4058 Tum]
856 3989 974 4051 Tantum,
986 3988 1020 4039 B.
1037 3989 1067 4039 V.
1079 3990 1107 4039 J.

168 4061 271 4122 quidam
287 4060 422 4110 haereticus
441 4059 499 4122 suit,
521 4059 628 4120 ideoque
689 4057 711 4089 κ
730 4059 847 4123 Exedit]
865 4060 1000 4122 Exsulum,
1016 4060 1046 4108 V.
1058 4061 1087 4107 J.

166 4132 278 4180 nominat
294 4145 353 4179 eum
370 4130 474 4191 Canem,
491 4130 552 4190 qnia
563 4130 629 4178 dixit
688 4126 709 4164 27
728 4129 907 4194 Comparecat]
937 4131 989 4190 B.;
1017 4144 1117 4191 compa-

168 4201 235 4261 quod
247 4200 379 4262 prophetia
389 4200 506 4250 Danielis
520 4199 630 4249 nonfuit
653 4205 717 4263 rent,
729 4200 762 4251 A.
