2940 4884
355 393 399 457 62
670 408 842 456 nrrsroua
865 407 995 458 ornum.

356 566 546 651 proposita,
567 565 732 648 loquitur,
756 565 886 642 dicens,
910 563 1000 639 Haec
1024 563 1107 634 dicit
1126 563 1308 643 Dominus,

358 668 478 731 Facite
499 666 668 749 judicium
691 673 726 729 et
751 665 937 749 justitiam,
960 671 996 728 et
1019 665 1163 741 liberate
1189 665 1224 737 vi
1245 684 1307 748 op÷
1354 734 1357 739 ,

355 786 512 850 pressum
527 765 569 829 de
592 785 697 829 manu
720 765 999 844 calumniatoris3
1023 771 1058 828 et
1075 764 1256 842 advenam,
1273 773 1309 837 et

355 867 536 950 pupillum,
565 872 601 930 et
630 864 782 943 viduam,
813 865 919 938 nolite
948 865 1166 942 contristare,
1196 885 1308 948 neque

355 967 557 1050 opprimatis.
580 965 709 1047 inique,
734 973 770 1028 et
794 965 999 1046 sauguinem
1022 965 1244 1039 innocentem
1265 984 1308 1029 ne
1323 986 1354 1035 „5

356 1067 551 1131 effundatis.
603 1065 640 1129 Si
671 1066 762 1129 enim
789 1064 955 1138 facientes
984 1064 1144 1132 feceritis.
1164 1066 1308 1139 verbum

354 1167 461 1244 istud,
483 1165 720 1248 ingredientur
733 1185 795 1247 per
809 1173 928 1248 portas
945 1165 1073 1233 domus,
1091 1163 1193 1249 hujus
1208 1185 1323 1247 reges·
1381 1165 1385 1171 ’

356 1267 514 1336 sedentes
543 1266 586 1329 de
614 1285 739 1348 genere
763 1265 879 1339 David
898 1284 1009 1347 ‚super
1031 1265 1193 1339 thronum
1216 1265 1307 1350 ejus.

358 1366 460 1445 Quod
479 1367 510 1430 si
532 1386 602 1429 non
620 1365 796 1430 audieritis
814 1365 1025 1442 verbahaec,
1046 1365 1083 1428 in
1106 1367 1308 1448 memetipso

351 1467 481 1551 juravi,
504 1466 587 1530 dicit
611 1466 794 1543 Dominus,
821 1466 903 1548 quia
928 1466 964 1529 in
994 1465 1214 1541 solitudinem
1235 1467 1309 1538 ,erit
1322 1482 1354 1547 ro

356 1567 478 1631 domus
503 1566 589 1630 haec.
642 1566 689 1630 Et
713 1566 861 1643 iterum„
874 1565 917 1630 de
943 1585 1024 1647 rege
1047 1566 1137 1629 enim
1162 1567 1309 1640 scelesto

356 1667 575 1748 loquebatur,
603 1665 697 1730 Vivo
728 1684 806 1747 ego,
840 1666 923 1730 dicit
953 1665 1135 1744 Dominus,
1168 1667 1250 1749 quia
1278 1667 1309 1741 si

356 1766 460 1830 fuerit
486 1766 510 1830 J
512 1766 674 1829 echonias
705 1766 855 1836 annulus
881 1767 918 1830 in
938 1785 1059 1841 ,manu
1073 1765 1198 1842 dextra
1219 1787 1309 1846 mea,

356 1867 436 1929 inde
459 1867 604 1931 evellam
630 1885 708 1929 eum
729 1873 764 1930 et
789 1866 879 1930 dabo
899 1867 936 1930 in
957 1886 1063 1930 manu
1078 1868 1310 1949 quaerentium

357 1967 508 2031 animam
520 1966 607 2051 ejus.
795 2011 796 2016 κ
860 2023 863 2027 .
1017 2005 1020 2008 >
1237 2021 1240 2025 ,
1323 1983 1355 2048 lp

194 2083 345 2174 mapsam·
409 2067 496 2150 §at
520 2066 669 2131 Sanctus
697 2086 834 2150 quoque
863 2065 1020 2140 Abacuc.
1036 2067 1241 2151 proclamat*
1257 2066 1310 2136 dir

193 2184 248 2224 kuk-
357 2186 450 2246 cens,
477 2167 556 2245 Vae,
584 2167 643 2251 qui
668 2167 841 2232 aedificant
862 2169 1040 2242 civitatem
1063 2169 1099 2243 in
1121 2166 1310 2250 sanguiue,

358 2275 393 2332 et
412 2275 612 2351 praeparant
635 2267 811 2340 civitatem
831 2269 869 2331 in
885 2255 1126 2351 iniquitatibus
1144 2267 1309 2346 dicentes,

240 2391 244 2397 ·
359 2367 488 2432 Nonne
515 2367 591 2431 haec
617 2374 699 2431 sunt
728 2385 751 2430 a
772 2368 923 2438 Domino
950 2369 1231 2450 omnipotentet
1263 2367 1312 2443 Et

357 2468 556 2532 defecerunt
576 2467 696 2550 populi
714 2468 816 2543 multi
833 2469 870 2531 in
892 2469 986 2550 igne,
1003 2475 1039 2533 et
1054 2475 1176 2550 gentes
1190 2467 1310 2544 multa
1321 2485 1355 2547 no

357 2569 537 2632 minoratae
556 2573 649 2631 suut.
702 2567 749 2630 Et
767 2568 817 2631 ita
836 2569 1052 2651 prophetiam
1073 2569 1236 2651 querulus
1256 2569 1309 2631 in-

357 2668 452 2750 cipit,
479 2669 669 2751 Usquequo
692 2668 848 2732 clamabo
878 2676 913 2732 et
937 2690 1007 2732 uon
1033 2669 1224 2733 exaudiesi
1247 2688 1309 2733 vo-

357 2769 525 2833 ciferabor
547 2768 591 2832 ad
613 2776 660 2845 te,
688 2775 728 2831 ut
750 2769 831 2851 quid
858 2769 942 2832 mihi
970 2770 1094 2833 dedisti
1118 2770 1253 2833 labores
1276 2777 1312 2832 et

357 2869 492 2932 dolores
508 2869 675 2950 inspicere
691 2869 863 2932 miseriam
878 2877 913 2932 et
926 2870 1163 2951 impietatem?
1217 2868 1310 2933 Con·

358 2976 424 3045 tra,
450 2969 497 3033 Et
523 2969 651 3032 factum
683 2975 736 3031 est
763 2968 943 3052 judicium,
970 2970 1140 3054 etjudex
1164 2970 1354 3052 accepitne

358 3068 507 3149 Propter
530 3069 595 3132 hoc
618 3068 786 3150 dissipata
810 3078 863 3134 est
883 3071 953 3147 lex,
972 3077 1007 3133 et
1025 3091 1094 3134 non
1112 3070 1311 3152 perducitur

358 3169 402 3231 ad
426 3169 528 3231 finem
548 3168 739 3253 judicium3
771 3171 853 3252 quia
878 3171 1003 3252 impius
1029 3191 1090 3253 per
1120 3171 1310 3253 potentiam

357 3270 517 3351 deprimit
546 3269 692 3353 justum.
746 3268 895 3353 Propter
921 3270 997 3334 'hoc
1033 3271 1119 3334 exiit
1141 3271 1310 3355 judicium

356 3391 566 3453 perversum.

215 3494 252 3574 *ἐξ
276 3495 332 3574 ‘ta
409 3472 495 3554 §52
520 3470 588 3534 Sed
613 3481 647 3537 et
671 3474 794 3536 beatus
818 3470 908 3533 Osee
929 3470 1109 3553 propheta,
1129 3470 1309 3548 attendite,
1324 3483 1355 3527 ao

333 3563 339 3574 '
357 3572 439 3652 quid
454 3573 616 3653 loquatur
631 3573 673 3636 de
688 3572 912 3655 principibus,
928 3572 1057 3649 dicenS,
1073 3570 1143 3634 Pro
1160 3590 1200 3634 eo
1216 3571 1308 3653 quod

357 3673 565 3753 transgressi
589 3680 671 3735 sunt
694 3679 833 3754 pactum
858 3692 983 3748 meum,
1006 3679 1041 3735 et
1066 3672 1231 3735 adversus
1260 3672 1310 3735 le-

357 3791 435 3851 gem
461 3792 571 3835 meam
590 3774 756 3849 tulerunt,
783 3779 817 3835 et
844 3773 1107 3852 exclamabant3
1136 3771 1310 3853 Cognovi-

357 3890 433 3934 mus
463 3879 509 3948 te,
539 3874 621 3953 quia
647 3873 830 3937 adversum
859 3873 906 3935 sis
936 3871 1058 3936 Israel.
1112 3873 1249 3937 Bonum
1272 3881 1312 3936 ut

392 4137 412 4169 1⁶
428 4136 549 4209 Abacuc]
566 4143 584 4190 i.
595 4147 620 4204 2,
632 4147 655 4192 3.
883 4140 904 4174 ³⁰
923 4143 1005 4206 Osee]
1023 4142 1076 4192 viii.
1090 4146 1114 4203 1,
1126 4145 1150 4190 4.

390 4207 411 4239 ⁹⁴
419 4213 525 4262 Contra.
540 4247 545 4260 .
556 4206 716 4280 perversum]
728 4215 782 4262 Om.
790 4213 819 4262 V.
