2940 4884
253 387 319 452 104
571 397 896 448 nnsronncrnnn.

256 561 359 638 enim,
386 566 421 622 ct
440 558 507 641 ipsi
530 577 600 621 non
626 556 769 621 faciunt.
822 553 1024 620 Periculosa
1052 563 1145 619 certe
1168 574 1209 620 ac

257 678 473 743 supervacua
488 658 724 722 sacerdotibus
740 657 898 720 doctrina
913 663 978 733 est,
994 674 1073 738 quae
1092 656 1210 738 pravis

259 760 420 844 operibus
441 757 651 823 obfuscatur.
704 756 771 822 Vae
795 757 894 821 vobis
923 756 1126 840 hypocritae,
1151 757 1211 837 qui

260 860 420 926 clauditis
433 878 577 941 regnum
592 859 758 922 coelorum
777 864 859 921 ante
880 856 1049 933 homines,
1063 875 1127 920 vos
1149 876 1211 919 au-

262 969 331 1025 tem
355 980 426 1024 non
448 961 598 1038 intratis,
613 977 676 1022 nec
698 959 912 1022 introeuntes
936 956 1049 1020 sinitis
1069 957 1210 1020 intrare.
1242 975 1257 1018 a

263 1060 346 1125 Non
360 1059 472 1124 solum
486 1060 577 1124 enim
592 1078 664 1141 prae
679 1059 787 1122 tantis
810 1058 979 1122 malorum
1001 1057 1212 1135 criminibus,

263 1180 341 1243 quae
357 1161 476 1243 geritis
491 1160 528 1223 in
543 1159 671 1238 futuro,
687 1159 747 1223 sed
767 1158 872 1222 etiam
893 1178 957 1241 pro
979 1157 1046 1235 his,
1061 1157 1121 1241 qui
1135 1177 1213 1222 ves-

264 1270 318 1340 tro
336 1260 490 1343 quotidie
504 1259 664 1341 exemplo
679 1266 837 1343 pereunt,
850 1258 982 1342 poenali
994 1277 1101 1341 poena
1120 1257 1214 1340 plec-

263 1361 395 1439 temini,
411 1380 556 1443 quorum
577 1361 721 1442 sanguis
743 1359 780 1423 in
798 1359 866 1424 Die
881 1358 904 1422 J
907 1358 1011 1422 udicii
1033 1359 1076 1423 de
1090 1358 1215 1423 vestris

264 1461 423 1524 manibus
447 1461 651 1544 requiretur.
702 1459 770 1524 Sed
795 1459 877 1542 quid
904 1458 988 1522 mali
1009 1459 1101 1542 quod
1123 1458 1260 1523 serviro

264 1561 431 1643 parabola
452 1560 686 1642 praetenderit,
702 1559 874 1644 inspicite,
887 1559 1032 1624 dicentis
1054 1561 1092 1624 in
1113 1559 1215 1622 corde

265 1680 342 1738 suo,
373 1660 510 1724 Moram
540 1660 625 1724 facit
652 1660 811 1724 dominus
840 1678 937 1723 meus
963 1660 1093 1724 venire.
1145 1657 1216 1736 Qui

265 1780 329 1843 pro
352 1759 418 1823 hoc
446 1759 591 1824 forsitan
616 1760 808 1843 incoeperat
829 1767 1009 1843 percutere
1031 1777 1216 1824 conservos

266 1878 348 1923 suos
372 1860 586 1924 manducans
610 1868 646 1925 et
671 1861 791 1951 bibens
822 1880 900 1923 cum
922 1860 1037 1924 ebriis,
1089 1859 1218 1925 Veniet

267 1980 362 2042 ergo,
377 1959 502 2042 inquit,
517 1960 676 2024 dominus
700 1961 792 2025 servi
805 1959 899 2023 illius
921 1959 959 2023 in
980 1959 1035 2024 die
1055 1980 1125 2042 qua
1146 1977 1261 2023 nonas

267 2068 397 2143 sperat,
423 2068 459 2124 et
483 2060 569 2124 hora
591 2079 661 2143 qua
689 2061 840 2143 ignorat,
867 2066 903 2124 et
927 2060 1056 2124 dividet
1083 2079 1173 2136 eum,
1196 2079 1218 2124 a

268 2161 399 2224 sanctis
422 2160 555 2225 scilicet
578 2161 827 2238 sacerdotibus,
840 2167 1043 2243 partemque
1057 2159 1133 2244 ejus
1154 2179 1217 2243 po-

268 2268 328 2324 net
339 2281 417 2324 cum
433 2260 635 2344 hypocritis
649 2281 728 2325 cum
753 2261 802 2324 eis
824 2267 929 2339 certe,
943 2262 1003 2343 qui
1017 2262 1081 2324 sub
1104 2279 1217 2324 sacer-

267 2359 377 2445 dotali
390 2361 542 2443 tegmine
558 2361 705 2425 multum
719 2361 927 2425 obumbrant
940 2360 1115 2444 nequitiae.
1167 2360 1218 2425 Il·

267 2460 325 2537 lic,
339 2460 511 2542 inquiens
525 2462 590 2525 erit
604 2461 706 2525 fietus
722 2468 757 2525 et
771 2460 900 2525 stridor
911 2461 1077 2539 dentium,
1093 2461 1218 2543 quibus
1230 2477 1263 2522 ao

267 2560 304 2622 in
325 2560 391 2623 hac
405 2562 479 2625 vita
493 2581 564 2625 non
580 2562 700 2625 crebro
723 2562 849 2639 evenit,
865 2562 909 2625 ob
925 2561 1145 2645 quotidianas
1161 2580 1217 2624 ec·

267 2660 382 2724 clasiae
402 2663 523 2726 matris
546 2662 665 2726 ruinas
681 2662 840 2740 filiorum,
855 2663 911 2727 vel
933 2663 1102 2726 desideria
1120 2663 1219 2745 regni

269 2762 448 2826 coelorum.

107 2883 256 2933 saraptana,
319 2862 407 2945 197.
431 2863 499 2927 Sed
534 2862 711 2927 videamus
747 2862 828 2946 quid
857 2861 987 2927 Christi
1017 2883 1119 2928 verus
1149 2863 1218 2926 dis-

108 2935 211 3033 iollas
268 2961 403 3043 cipulus
428 2962 599 3044 Magister
617 2962 783 3027 Gentium
800 2962 943 3040 PauluS,
958 2964 1027 3046 ·qui
1048 2965 1142 3029 omni
1163 2984 1219 3028 ec·
1232 2977 1263 3023 25

267 3061 463 3127 clesiastico
491 3064 624 3127 doctori
652 3063 840 3129 imitandus
874 3072 939 3141 est,
967 3065 1056 3128 sicut
1090 3073 1125 3129 et
1154 3085 1219 3145 ego

271 3161 412 3240 Christi,
446 3164 482 3226 in
513 3164 575 3227 tali
606 3165 745 3244 negotio
776 3164 1013 3246 praeloquatur
1046 3165 1082 3228 in
1108 3165 1220 3248 prima

270 3262 428 3344 Epistola
454 3264 584 3341 dicenS,
600 3263 693 3342 Quia
711 3285 817 3346 quum
841 3274 1079 3346 cognorerunt
1093 3266 1219 3342 Deum,

270 3383 340 3426 non
373 3364 462 3428 sicut
486 3364 600 3428 Deum
629 3364 951 3445 magnificaverunt,
990 3374 1050 3430 aut
1088 3367 1220 3449 gratias

269 3470 435 3545 egerunt3
459 3465 520 3547 sed
546 3472 762 3529 evanuerunt
787 3465 823 3526 in
845 3466 1112 3547 cogitationibus
1135 3467 1219 3545 suis,
1234 3487 1266 3533 ao

269 3570 305 3626 et
318 3572 527 3628 occaecatum
542 3572 596 3628 est
611 3565 777 3647 insipiens
794 3585 853 3628 cor
869 3586 999 3643 eorum,
1014 3566 1167 3631 dicentes
1183 3587 1221 3632 se

264 3682 343 3725 esse
358 3665 544 3745 sapienteS,
558 3665 657 3729 stulti
679 3665 763 3729 facti
785 3673 878 3729 sunt.
932 3666 1030 3731 Licet
1044 3667 1109 3731 hoc
1126 3667 1221 3731 Gen-

303 3925 409 3998 6Ρνιικ]
433 3933 493 3994 Pro,
511 3932 540 3981 V.
793 3929 958 4000 ”Epistolnq
984 3936 1098 4002 R⁰m·.i·
1122 3941 1164 4000 21,
1180 3942 1222 4001 25,

303 3998 442 4066 8Ραενιαῑὶ.]
461 4003 554 4065 Ferali‚
571 4003 601 4052 V.
758 4008 799 4065 28,
811 4009 856 4054 etc.

301 4067 320 4099 2¹
334 4073 412 4134 Noa]
434 4075 488 4122 Om.
506 4074 536 4123 V.
792 4071 813 4103 2⁸
826 4077 1017 4139 Cognoverat]
1030 4077 1221 4140 cognovissent,

301 4138 456 4206 26Ι)οι,·1ονὶ.]
480 4146 534 4192 Om.
548 4144 580 4191 B.
761 4145 790 4194 V.

301 4209 321 4240 u
333 4213 404 4260 Sicut
416 4219 489 4275 elego
499 4213 616 4277 Christi]
629 4215 684 4261 Om.
694 4215 731 4262 Β.
