2940 4884
155 577 157 583 '
258 595 282 629 rr

175 639 290 683 domet.
385 670 393 686 .

339 393 384 460 b’d
649 407 822 458 ur1sronu
844 408 976 456 omns.

392 569 481 656 §ta
503 567 572 635 Sed
602 575 639 634 et
664 573 820 634 sanctus
834 567 906 633 Job
933 565 1114 643 attendite,
1139 564 1295 650 quidde

340 671 511 756 principio
531 669 715 754 impiorum
736 675 773 734 et
794 667 864 732 fine
885 666 1143 752 disceptaverit,
1164 667 1295 745 dicens,

231 852 233 859 Ι
342 771 493 856 Propter
519 770 613 855 qnod
641 769 741 855 impii
765 768 902 848 vivunt,
927 775 965 834 et
984 774 1174 834 senuerunt
1194 767 1294 834 inho·
1350 800 1352 805 ·

341 878 453 951 noste,
481 878 519 937 et
545 889 665 936 semen
698 888 818 936 eorum
853 869 1043 934 mcundunr
1086 867 1295 934 desiderium

342 988 473 1052 eorum,
495 971 609 1038 attilii
629 989 748 1038 eorum
762 977 845 1045 aute
867 977 1089 1055 conspectum
1105 989 1236 1047 eorum,
1258 975 1295 1034 et
1320 975 1338 1021 ὅ

342 1073 464 1141 domus
478 1092 597 1139 eorum
618 1071 806 1147 fructuosae
819 1079 914 1151 sunt,
936 1078 973 1140 et
986 1071 1090 1137 timor
1103 1089 1294 1155 nunquam,

342 1194 406 1240 nec
423 1174 530 1260 plaga
547 1174 691 1249 Domini
713 1179 888 1256 estsuper
912 1191 984 1238 eos.
1035 1171 1157 1238 Vacca
1174 1191 1295 1236 eorum
1412 1205 1415 1211 =

343 1296 413 1341 non
434 1275 611 1354 abortivit,
634 1282 671 1339 et
691 1292 878 1359 praegnans
902 1292 1021 1338 eorum
1046 1273 1191 1358 pertulit
1212 1292 1295 1356 pore

342 1382 429 1456 turn,
457 1382 494 1441 et
523 1374 594 1442 non
621 1375 762 1453 erravit,
793 1373 855 1438 sed
885 1380 1065 1458 permanet
1092 1373 1185 1439 sicut
1209 1391 1294 1439 oves
1374 1374 1378 1381 '

343 1484 496 1544 eternae.
548 1475 598 1542 Et
616 1475 715 1559 pueri
728 1494 847 1540 eorum
863 1473 1029 1558 gaudent,
1043 1481 1079 1540 et
1091 1474 1295 1558 psalterium
1308 1486 1356 1536 ro·
1455 1569 1463 1578 ἰ

343 1585 518 1643 sumentes
545 1583 581 1642 et
609 1576 788 1661 cytharam
813 1575 977 1641 finierunt
997 1575 1036 1640 in
1057 1576 1159 1641 bonis
1186 1575 1296 1642 vitam
1365 1603 1371 1613 ·

341 1696 455 1756 suam,
476 1678 513 1744 in
533 1677 687 1760 requiem
707 1676 895 1742 inferorum
916 1676 1142 1742 dormierunt.
1193 1675 1296 1741 Num

343 1778 427 1862 quid
449 1777 548 1843 Deus
568 1776 664 1842 sacta
686 1777 879 1862 impiorum¹
896 1797 967 1842 non
992 1777 1159 1861 respicitt
1211 1775 1307 1868 Ner

298 1889 299 1894 ’
342 1877 440 1962 ergo,
458 1877 520 1943 sed
541 1877 684 1943 lucerna
702 1878 890 1963 impiorumv
907 1877 1144 1960 extinguetur,
1158 1882 1209 1942 et
1235 1897 1295 1953 su·

343 1979 524 2064 perveniet
547 1979 598 2048 eis
623 1978 768 2055 eversio,
794 1985 831 2043 et
855 1977 994 2043 dolores
1018 1984 1186 2062 tanquam
1213 1997 1295 2061 pur-
1309 1988 1345 2037 rs.

333 2080 504 2147 turientis
529 2097 589 2144 eos
616 2079 665 2144 ab
689 2078 743 2143 ira
763 2079 948 2144 tenebunt.
1000 2076 1048 2144 Et
1075 2085 1180 2143 erunt
1204 2078 1297 2154 deut
1349 2083 1351 2085 ’

343 2181 611 2265 paleaeorento,
626 2187 663 2245 et
675 2179 767 2244 sicut
774 2178 901 2263 pulvis,
914 2197 1016 2262 quem
1027 2179 1173 2244 abstulit
1180 2180 1294 2247 turbo.

346 2281 522 2347 Deficiunt
536 2280 615 2355 fibis
630 2280 706 2365 ejus
719 2282 824 2358 bona,
837 2279 980 2345 videant
996 2279 1088 2345 oculi
1101 2280 1295 2366 ejusbona,

346 2381 490 2447 videant
503 2380 595 2447 oculi
619 2381 695 2466 eJus
720 2377 926 2450 occisionem
949 2398 1061 2460 suam,
1083 2399 1197 2446 neca
1220 2381 1296 2449 Ito-J

344 2481 439 2547 mino
461 2481 664 2548 resalvetur.
716 2482 764 2546 Et
784 2487 866 2566 post
887 2480 1068 2564 aliquanta
1094 2480 1139 2546 de
1164 2481 1342 2562 iisdem„
1414 2552 1417 2554 ,

348 2581 418 2660 Qui
440 2601 592 2665 gregem,
619 2582 745 2666 inquit,
770 2603 847 2646 cum
872 2590 1012 2666 pastore
1035 2590 1237 2666 rapuerunt,
1263 2591 1300 2649 et

341 2682 538 2767 jumentum
572 2684 804 2766 orphanorum
842 2684 1073 2762 abduxerunt,
1109 2691 1145 2749 et
1174 2685 1298 2749 bovem

346 2784 460 2847 viduae
483 2785 765 2867 pignoraverunt,
786 2791 821 2850 et
840 2784 1102 2850 declinaverunt
1119 2786 1298 2868 imponen-

347 2890 400 2947 tes
423 2904 445 2948 a
458 2884 517 2949 via
539 2886 767 2950 necessitatis.
819 2883 953 2968 Agrum
977 2893 1058 2950 ante
1077 2894 1213 2969 tempus
1227 2907 1299 2951 non

347 3003 448 3048 suum
472 2984 619 3049 demessi
641 2995 734 3062 sunt,
760 3005 929 3070 pauperes
959 2987 1153 3070 potentium
1178 2987 1341 3060 vineas25

347 3085 421 3147 sine
450 3085 604 3149 mercede
634 3093 670 3150 et
700 3087 774 3151 sine
804 3087 880 3151 cibo
910 3089 1044 3170 operati
1070 3095 1163 3165 sunt,
1186 3089 1298 3152 nudos

347 3185 475 3248 multos
497 3185 643 3249 dormire
657 3187 813 3251 fecerunt
829 3188 903 3252 sine
917 3189 1144 3266 vestimentis,
1159 3196 1298 3271 tegmen

347 3287 472 3350 animae
495 3306 612 3351 eorum
634 3288 862 3352 abstulerunt.
915 3289 962 3353 Et
983 3297 1200 3373 postpauca,
1220 3310 1298 3354 cum

347 3406 429 3469 ergo
452 3386 556 3451 sciret
570 3408 688 3452 eorum
702 3408 818 3473 opera,
841 3388 984 3453 tradidit
997 3410 1056 3454 eos
1075 3391 1112 3454 in
1125 3392 1297 3455 tenebrae.

231 3518 232 3522 =
348 3486 579 3552 Maledicatur
600 3508 682 3570 ergo
704 3509 786 3572 pars
801 3489 876 3573 ejus
892 3496 1030 3569 eterra,
1045 3490 1183 3574 pariant
1198 3491 1342 3575 plan-oo

346 3588 495 3652 tationes
518 3588 592 3672 ejus
615 3589 731 3655 aridae.
785 3590 1013 3656 Retribuetur
1034 3612 1117 3674 ergo
1136 3592 1188 3656 illi
1209 3593 1299 3657 sicut

346 3688 430 3768 egit,
463 3690 712 3753 contribuletur
740 3691 851 3754 omnis
879 3691 1017 3774 iniquus
1047 3693 1137 3756 sicut
1165 3693 1299 3774 lignum

345 3788 420 3851 sine
444 3789 605 3881 sanitate..
658 3789 704 3853 In
730 3790 909 3856 iracundia
939 3793 1030 3856 enim
1058 3813 1204 3875 surgens
1234 3795 1298 3858 im-

345 3894 521 3969 potentem
557 3889 692 3954 evertit.
746 3892 937 3976 Propterea
964 3894 1056 3957 enim
1084 3915 1154 3959 non
1183 3895 1299 3960 credet

382 4084 390 4114 ¹
407 4088 479 4152 deb]
491 4090 544 4138 xxi.
561 4093 654 4151 7-13,
671 4095 720 4152 173
738 4094 808 4145 xxiv.
840 4095 894 4143 Om·
913 4095 942 4144 V.

344 4161 369 4220 2,
382 4161 406 4220 3,
420 4163 460 4221 18,
470 4163 512 4222 2⁰,
524 4164 570 4210 etc.
581 4177 588 4221 ς
600 4162 680 4211 xxvii.
693 4167 733 4214 14.
870 4160 888 4193 ²¹
910 4166 1017 4229 Inquit]
1035 4166 1095 4228 Job,
1117 4167 1187 4217 xxiv.
1210 4169 1236 4231 2,
1257 4169 1299 4231 18,

381 4224 401 4254 ¹⁸
419 4229 544 4294 Deficiunt
556 4267 562 4281 .
576 4267 599 4281 ..
612 4235 809 4298 consequuntur]
835 4237 878 4302 20,
889 4241 951 4298 etc.;
964 4237 1043 4288 xxvii.
1056 4241 1096 4289 14.
