2940 4884
563 422 735 470 urrsronA
758 423 888 469 cruam.
1158 406 1201 468 57

248 577 403 658 quitate3
426 576 520 641 labia
533 585 651 641 vestra
671 579 789 642 locuta
811 585 893 642 sunt
914 577 1143 655 mendacium,
1166 587 1201 643 et

248 677 368 758 lingua
393 685 510 742 vestra
543 678 761 760 iniquitatem
792 678 895 742 fatur.
949 676 1032 741 Nou
1061 684 1115 741 est
1141 680 1201 761 qui

249 783 350 841 vocet
367 776 553 860 justitiam,
573 799 687 861 neque
711 785 764 843 est
790 780 848 861 qui
868 778 1002 863 judicet
1024 797 1116 855 vere,
1139 779 1215 842 sed‘

248 877 426 941 confidunt
457 879 494 941 in
527 879 624 956 nihil,
659 887 693 943 et
725 880 915 961 loquuntur
942 878 1126 955 vanitates,
1166 886 1200 943 et

219 985 480 1058 aeonceperunt
494 979 658 1056 dolorem,
683 987 719 1043 et
741 986 949 1061 pepererunt
969 978 1199 1062 iniquitatem.

251 1076 297 1141 Et
319 1077 421 1155 inira,
447 1078 564 1159 Opera
588 1099 706 1143 eorum
731 1079 880 1156 inutilia,
902 1085 937 1142 et
963 1098 1050 1160 opus
1073 1079 1199 1162 iniqui-

250 1177 332 1241 tatis
347 1178 384 1240 in
399 1179 557 1242 manibus
571 1199 700 1243 eorum.
753 1178 866 1243 Pedes
880 1198 997 1242 eorum
1012 1178 1049 1242 in
1071 1180 1199 1242 malum

249 1285 411 1359 currunt;
428 1286 463 1342 et
476 1278 653 1356 festinant,
676 1286 716 1342 ut
735 1279 914 1342 effundant
928 1278 1131 1359 sanguinem
1146 1280 1199 1342 in·

250 1386 441 1442 nocentem.
495 1377 733 1461 Cogitationes
755 1399 872 1443 eorum
895 1379 1123 1460 cogitationes
1146 1379 1199 1442 in-

204 1497 236 1542 11
249 1479 363 1555 utiles,
379 1478 526 1543 vastitas
543 1486 578 1543 et
591 1479 754 1543 contritio
775 1480 890 1544 inviis
913 1484 1043 1555 eorum',
1059 1486 1094 1543 et
1108 1480 1200 1543 viam

249 1579 345 1659 pacis
375 1599 445 1641 non
473 1587 722 1660 cognoverunt,
747 1587 783 1644 et
808 1585 954 1644 nonest
972 1578 1141 1662 judicium
1163 1579 1200 1642 in

249 1678 424 1760 gressibus
439 1699 568 1744 eorum.
620 1679 759 1744 Semitae
774 1700 892 1744 eorum
914 1677 1105 1748 incurvatae
1119 1686 1202 1743 sunt

250 1779 311 1856 eis,
342 1779 453 1843 omnis
483 1780 543 1862 qui
575 1781 688 1844 calcat
725 1779 761 1843 in
798 1780 859 1858 εἰς,
893 1778 1033 1861 ignorat
1067 1798 1200 1862 pacem.

250 1877 400 1961 Propter
422 1879 487 1944 hoc
511 1879 710 1962 elongatum
730 1888 783 1945 est
801 1880 971 1965 judicium
997 1899 1018 1942 a
1033 1879 1143 1957 vobis,
1166 1887 1202 1944 et

205 1997 235 2042 15
250 1999 319 2042 non
334 1980 569 2062 apprehendet
582 1975 645 2045 vos
654 1981 806 2065 justitia.
858 1980 905 2044 Et
916 1986 997 2063 post
1015 1999 1139 2062 pauca,
1155 1980 1201 2044 Et

249 2098 454 2143 conversum
491 2088 544 2144 est
578 2089 765 2145 retrorsum
792 2081 974 2166 judicium,
993 2087 1040 2143 ‘et
1062 2079 1202 2163 justitia

249 2178 352 2262 longe
381 2180 492 2258 stetit,
522 2179 603 2263 quia
633 2182 762 2245 corruit
789 2181 826 2244 in
851 2181 969 2262 platea
996 2180 1136 2256 veritas,
1166 2187 1202 2245 et

250 2280 396 2363 aequitas
411 2301 483 2345 non
505 2280 618 2363 potuit
632 2281 777 2362 ingredi.
829 2276 877 2344 Et
891 2278 984 2343 facta
1006 2286 1059 2343 est
1072 2281 1200 2344 veritas

249 2379 286 2442 in
300 2381 484 2460 oblivione,
500 2388 535 2445 et
549 2381 608 2463 qui
622 2381 763 2445 recessit
778 2379 917 2456 amalo,
932 2379 1059 2462 praedae
1074 2380 1199 2463 patuit.

205 2494 237 2539 1ο
251 2480 297 2545 Et
313 2481 400 2545 vidit
423 2481 594 2546 Dominus
619 2487 654 2544 et
680 2501 750 2545 non
773 2480 906 2564 placuit
921 2480 958 2544 in
981 2480 1089 2544 oculis
1112 2480 1199 2564 ejus,

250 2580 332 2663 quia
347 2589 484 2645 nonest
494 2581 673 2665 judicium.
1099 2649 1102 2653 ,

301 2679 396 2763 §47.
432 2680 514 2744 Huc
539 2701 649 2764 usque
673 2679 788 2743 Esaiae
810 2678 988 2762 prophetae
1012 2697 1124 2761 pauca
1157 2677 1200 2742 de
1212 2701 1314 2752 nonages

250 2780 367 2845 multis
392 2782 522 2845 dixisse
552 2779 710 2844 sufficiat.
762 2779 867 2860 Nunc
892 2799 973 2844 vero
999 2779 1108 2854 illum,
1141 2779 1201 2860 qui
1211 2752 1346 2843 {irim

250 2882 449 2963 priusquam
478 2882 715 2964 conciperetur
739 2880 775 2944 in
806 2886 905 2944 utero
941 2879 1147 2962 praescitus,
1164 2885 1201 2942 et

204 3001 236 3045 aa
250 2983 449 3064 priusquam
477 2982 588 3046 exiret
617 2983 660 3045 de
688 2980 795 3045 vulva
822 2981 1071 3056 sanctificatus,
1100 2986 1135 3043 et
1163 2979 1200 3042 in

250 3083 383 3147 cunctis
397 3082 558 3165 gentibus
568 3081 738 3165 propheta
751 3080 885 3164 positus
900 3069 965 3158 est,
975 3079 1200 3157 Hieremiam,

250 3182 392 3260 scilicet,
412 3182 495 3265 quid
517 3183 560 3246 de
581 3183 710 3264 populo
731 3181 915 3264 insipiente
936 3180 1124 3263 rigidisque
1146 3199 1200 3243 re-

249 3284 350 3364 gibus
372 3284 663 3365 pronunciaverit,
678 3301 863 3365 parumper
886 3281 1116 3356 atteudentes,
1139 3299 1200 3342 au-

250 3383 332 3460 dite,
346 3382 411 3445 hoc
426 3382 528 3447 modo
546 3383 669 3445 leniter
682 3383 789 3445 verba
810 3381 1016 3444 initiantem.
1069 3380 1115 3443 Et
1129 3378 1199 3443 sac-

205 3499 237 3544 ae
250 3489 324 3546 tum
348 3489 400 3546 est
425 3482 566 3546 verbum
589 3481 731 3546 Domini
755 3481 799 3544 ad
820 3500 874 3544 me
898 3479 1027 3556 dicens,
1043 3479 1144 3542 Vade
1166 3486 1202 3543 et

250 3583 361 3646 clama
377 3583 414 3645 in
434 3582 574 3646 auribus
589 3581 795 3659 Jerusalem,
810 3588 845 3645 et
858 3580 963 3657 diceS,
978 3577 1109 3643 Audite
1123 3599 1200 3644 ver-

248 3685 330 3747 bum
346 3683 487 3762 Domini
502 3683 623 3746 domus
639 3682 763 3760 Jacob,
779 3688 814 3745 et
835 3700 954 3745 omnes
976 3680 1201 3761 cognationes

250 3782 370 3848 domus
395 3783 517 3847 Israel.
571 3783 661 3848 Haec
684 3783 767 3847 dicit
790 3782 973 3858 Dominus,
989 3780 1082 3858 Quid
1103 3780 1201 3844 inve·

284 4069 305 4100 1
324 4071 498 4136 Hieremiae]
524 4072 575 4121 1er.
597 4073 625 4122 11.
645 4075 670 4132 1,
689 4075 715 4133 4,
740 4076 781 4133 aa,
799 4075 840 4131 11,
858 4074 900 4132 aa,
918 4073 1017 4130 11111,
1035 4073 1080 4128 11;
1097 4070 1142 4119 vii.
1160 4075 1202 4134 ao,

249 4147 275 4205 1,
286 4147 311 4203 o,
322 4146 363 4206 1ο,
381 4146 585 4205 11,11,19,1ο,
604 4146 644 4204 ar,
665 4145 714 4202 11;
740 4141 858 4202 11;1111.
875 4144 979 4203 aaa,
998 4143 1080 4202 1,11,
1098 4144 1146 4199 11;
1164 4141 1200 4191 ix.

250 4213 284 4263 iv.
296 4217 343 4275 11;
360 4229 384 4263 v.
398 4217 423 4277 a,
441 4217 482 4278 m,
499 4217 598 4278 11,11,
614 4217 655 4276 aa,
673 4217 715 4276 11,
740 4214 949 4276 1,1,1,11,11;
966 4211 1002 4260 xi.
1015 4213 1055 4260 14.
