2940 4884
317 380 361 443 92
634 394 805 441 nrrsrour
828 393 959 440 erens.

318 554 409 617 enim
433 552 499 629 bis,
515 552 574 635 qui
599 571 655 615 me
679 550 932 634 blasphemant,
957 550 1094 613 locutus
1117 539 1172 612 est
1195 550 1269 613 Do-

318 655 444 729 minus,
460 652 540 716 Pax
562 653 627 716 erit
640 652 750 728 vobis,
771 660 806 715 et
823 651 994 727 omnibus,
1009 649 1068 732 qui
1090 650 1271 713 ambulant

319 754 355 816 in
368 754 542 836 pravitate
554 752 668 816 cordis
682 753 747 829 sui,
759 752 934 828 dixerunt,
946 750 1030 814 Non
1040 751 1156 813 veniet
1166 769 1272 832 super

319 874 379 917 eos
392 852 532 917 malum.
585 851 674 931 Quis
688 853 779 917 eninr
794 852 892 915 affuit
904 852 941 914 in
955 850 1101 915 consilio
1115 850 1271 927 Domini,

320 961 355 1018 et
371 953 457 1017 vidit
479 962 515 1017 et
536 953 669 1017 audivit
682 971 873 1016 sermonem
889 952 992 1035 ejusl
1045 949 1134 1028 Quis
1155 952 1270 1014 consi-
1299 974 1314 1017 ε

314 1054 455 1117 ‘detavit
467 1055 609 1118 verbum
622 1053 715 1116 illius
737 1061 773 1117 et
794 1052 951 1116 audivitt
975 1051 1078 1126 Ecce,
1092 1051 1194 1114 turbo
1207 1051 1270 1114 do·

320 1154 455 1217 minicae
496 1154 745 1235 indignationis
786 1152 973 1234 egreditur,
1010 1157 1046 1214 ct
1082 1159 1270 1233 tempestas

287 1295 288 1298 =
320 1273 503 1336 erumpens
525 1274 629 1336 super
649 1260 756 1335 caput
775 1253 955 1334 impiorum
972 1251 1100 1327 veniet,
1123 1271 1193 1314 uon
1215 1271 1270 1315 re-

320 1362 475 1418 vertetur
488 1354 583 1418 furor
598 1353 741 1417 Domini
755 1351 960 1435 usquedum
975 1350 1093 1428 faciat,
1107 1359 1143 1414 et
1159 1371 1271 1434 usqne

321 1454 402 1518 dum
417 1453 589 1536 compleat
599 1454 843 1535 cogitationem
858 1453 971 1517 cordis
986 1452 1052 1516 sui.
1093 1451 1138 1514 Iu
1154 1452 1270 1516 novis-
1284 1471 1317 1516 ro

321 1554 417 1616 simis
431 1554 552 1618 diebus
564 1554 765 1636 intelligetis
780 1553 960 1617 consilium
974 1551 1061 1635 ejus.

373 1653 459 1737 583.
484 1653 614 1717 Parum
631 1673 779 1736 namque
793 1654 955 1735 cogitatis
965 1653 1022 1716 vel
1035 1651 1162 1727 facitis,
1177 1650 1271 1733 quod

321 1760 462 1817 sanctus
486 1773 623 1836 quoque
646 1754 669 1818 J
672 1755 726 1818 oel
749 1773 892 1818 monens
912 1754 1039 1816 inertes
1062 1751 1271 1827 sacerdotes

321 1871 362 1916 ac
386 1853 515 1917 deflens
538 1853 779 1917 detrimentum
802 1853 921 1936 populi
942 1872 1006 1935 pro
1030 1851 1271 1935 iniquitatibus

321 1973 451 2030 eorum,
477 1954 606 2018 edixit:
639 1954 928 2036 Expergiscimini
949 1954 1010 2036 qui
1036 1953 1121 2016 estis
1143 1951 1229 2015 ebrii
1250 1969 1316 2016 ars

321 2054 404 2118 vino
417 2061 546 2132 vestro,
561 2062 595 2118 et
608 2055 743 2137 plorate
765 2061 801 2118 et
822 2053 1058 2117 lamentamini
1079 2071 1198 2116 omnes
1213 2053 1273 2134 qui

321 2154 438 2217 bibitis
454 2155 572 2217 vinum
591 2155 628 2218 in
650 2155 863 2231 ebrietatem,
878 2154 960 2236 quia
983 2152 1102 2217 ablata
1123 2159 1206 2216 sunt
1227 2154 1272 2216 ab

321 2275 381 2318 ore
395 2261 511 2319 vestro
521 2255 723 2340 jucunditas
740 2262 775 2318 et
788 2254 963 2336 gaudium.
1009 2253 1144 2335 Lugete
1157 2272 1272 2317 sacer-

321 2355 432 2430 dotes,
449 2355 508 2436 qui
522 2355 702 2419 deservitis
725 2354 839 2432 altari,
853 2355 935 2437 quia
954 2355 1069 2417 miseri
1084 2353 1168 2418 facti
1189 2360 1273 2418 suut

320 2453 445 2536 campi.
497 2454 634 2538 Lugeat
658 2463 763 2532 terra,
778 2455 860 2536 quia
882 2455 1045 2518 miserum
1066 2453 1197 2517 factum
1219 2460 1319 2518 estao

322 2554 542 2632 frumentum,
571 2566 607 2619 et
635 2556 800 2619 siccatum
826 2561 880 2618 est
908 2556 1037 2630 vinum,
1066 2554 1273 2617 diminutum

321 2663 375 2719 est
403 2654 529 2733 oleum,
557 2663 722 2719 aruerunt
749 2655 923 2736 agricolae.
979 2655 1112 2736 Lugete
1136 2673 1273 2738 posses-

320 2755 435 2818 siones
457 2775 521 2838 pro
544 2757 659 2820 tritico
675 2763 711 2819 et
726 2755 865 2831 hordeo,
882 2756 963 2837 quia
985 2756 1087 2837 periit
1101 2755 1274 2818 vindemia

320 2875 365 2918 ex
381 2874 477 2936 agro,
492 2857 573 2919 vitis
599 2856 752 2919 arefacta
776 2863 840 2932 est,
856 2855 940 2919 ficus
966 2855 1143 2918 diminutae
1168 2863 1271 2918 sunt:

321 2962 481 3036 granata,
497 2964 532 3019 et
546 2957 674 3038 palma,
688 2963 723 3019 et
736 2957 876 3032 malum,
892 2964 928 3019 et
940 2957 1055 3019 omnia
1077 2956 1173 3037 ligna
1197 2955 1272 3036 agri
1285 2968 1317 3012 aa

322 3053 475 3118 arefacta
493 3064 586 3132 sunt,
602 3057 764 3139 quoniam
788 3056 1017 3120 confuderunt
1033 3056 1196 3136 gaudium
1212 3055 1273 3118 filii

321 3154 509 3218 hominum.
563 3155 652 3233 Quae
670 3157 786 3220 omnia
801 3156 1027 3239 spiritualiter
1048 3156 1275 3238 intelligenda

321 3262 422 3318 erunt
445 3256 556 3333 vobiS,
587 3277 630 3319 ne
659 3265 730 3320 tam
761 3257 938 3337 pestilenti
968 3256 1058 3319 same
1081 3258 1178 3320 verbi
1205 3256 1273 3320 Dei

319 3357 446 3418 animae
459 3364 585 3420 vestrae
609 3365 814 3420 arescerent.
869 3357 915 3420 Et
937 3358 1073 3433 iterum,
1096 3357 1195 3419 Flete
1218 3376 1274 3419 sa-

320 3456 489 3534 cerdoteS,
513 3459 572 3539 qui
595 3457 775 3521 deservitis
791 3458 954 3534 Domino,
970 3458 1134 3534 dicentes,
1151 3457 1274 3533 Parce,
1288 3477 1320 3522 ao

320 3556 483 3633 Domine,
499 3558 627 3639 populo
651 3565 723 3633 tuo,
740 3564 775 3620 et
790 3578 833 3620 ne
849 3558 909 3620 des
932 3557 1158 3620 hereditatem
1180 3565 1274 3620 tuam

321 3656 357 3717 in
375 3658 608 3738 opprobrium,
632 3666 667 3721 et
690 3678 733 3721 ne
759 3657 978 3720 dominentur
1001 3677 1119 3721 eorum
1142 3665 1275 3739 genteS,

320 3756 371 3818 uti
396 3776 438 3818 ne
461 3756 579 3820 dicant
593 3766 729 3839 gentes,
752 3759 810 3821 ubi
833 3766 886 3821 est
905 3758 1002 3822 Deus
1026 3777 1154 3821 eorum.
1208 3757 1275 3820 Sed

321 3854 396 3917 haec
412 3876 474 3919 vos
501 3876 720 3938 nequaquam
748 3858 886 3934 auditiS,
911 3859 971 3921 sed
996 3859 1123 3934 omnia,
1151 3859 1275 3940 quibus

321 3956 524 4037 propensius
551 3958 659 4021 divini
689 3958 815 4021 suroris
845 3958 1039 4040 indignatio
1068 3958 1276 4035 inardescat,
1290 3977 1321 4021 as

321 4056 515 4121 admittitis

357 4253 376 4281 ¹⁵
386 4257 500 4319 Edicit]
518 4257 585 4318 decl,
597 4257 614 4306 i.
628 4262 651 4320 5,
664 4261 688 4319 9,
701 4261 740 4308 10.
809 4255 814 4325 Ι
841 4256 960 4322 ”Lugete
969 4297 975 4309 .
985 4297 991 4311 .
1002 4259 1173 4322 .orescercat.]
1186 4260 1240 4309 Om.
1247 4258 1276 4308 V.
