2940 4884
577 409 749 459 nrrsronn
772 412 901 461 ornum.
1173 399 1219 463 69

260 565 297 630 in
318 565 493 632 memoria.
547 566 591 631 In
612 568 739 633 delicto
761 587 837 645 suo,
863 588 932 651 quo
957 566 1098 646 excidit,
1123 569 1216 634 etin

260 668 412 749 peccatis
429 668 512 747 suiS,
526 669 650 750 quibus
665 670 834 752 peccavit,
846 671 1022 734 morietur.
1075 669 1122 734 Et
1135 677 1216 753 post

260 768 451 851 aliquanta,
475 768 522 832 Et
543 770 653 833 scient
676 789 795 834 omnes
817 778 950 852 gentes,
974 770 1216 853 quiapropter

259 876 403 950 peccata
429 888 493 932 sua
517 870 647 952 captivi
666 871 761 934 ducti
783 878 866 934 sunt
880 870 1002 935 domus
1018 871 1148 950 Israel;
1173 891 1214 934 eo

229 968 352 1050 equod
381 970 595 1052 reliquerunt
622 991 687 1036 me.
740 971 787 1034 Et
816 971 928 1035 averti
954 971 1074 1035 faciem
1101 991 1214 1041 meam

260 1072 303 1134 ab
318 1070 379 1147 eis,
403 1077 439 1134 et
461 1071 588 1135 tradidi
607 1091 665 1135 eos
686 1073 722 1134 in
744 1091 867 1136 manus
887 1072 1101 1137 inimicorum
1125 1072 1212 1157 ejuS,

258 1178 294 1234 et
317 1190 435 1235 omnes
455 1171 570 1252 gladio
590 1172 797 1237 ceciderunt.
850 1172 1045 1236 Secundum
1064 1173 1211 1237 immun·

258 1271 365 1335 dicias
391 1291 484 1350 suaS,
514 1280 549 1336 et
578 1273 766 1337 secundum
794 1273 994 1355 iniquitates
1022 1292 1116 1351 suas,
1146 1273 1212 1337 seci

256 1372 337 1450 illis,
353 1379 388 1437 et
403 1373 514 1437 averti
527 1372 650 1437 faciem
664 1394 777 1437 meam
791 1375 835 1438 ab
851 1375 912 1438 eis

211 1485 243 1535 1⁰
309 1472 394 1556 §62
419 1472 510 1537 Haeo
536 1474 579 1537 de
606 1481 805 1539 sanctorum
835 1475 1078 1558 prophetarum
1107 1474 1209 1538 minis
1221 1492 1323 1542 Passaron

257 1572 386 1638 dixisse
408 1573 568 1652 sufficiat,
588 1593 701 1658 pauca
722 1582 858 1639 tantum
883 1576 926 1639 de
947 1575 1125 1658 Sapientia
1146 1576 1209 1640 Sa·
1219 1543 1322 1634 ididam.

256 1673 415 1753 lomonis,
444 1695 521 1758 quae
553 1676 596 1739 ad
626 1676 903 1740 exhortationem
939 1675 996 1739 vel
1024 1677 1211 1740 denuncia-

256 1775 385 1840 tionem
409 1777 606 1858 exprimant
626 1777 777 1858 regibuS,
802 1796 872 1840 non
891 1777 1005 1839 minus
1026 1797 1131 1859 quam
1146 1779 1209 1840 mi-

255 1895 331 1953 nae,
355 1877 434 1941 huic
457 1878 622 1959 opusculo
638 1879 788 1941 inserere
804 1877 1035 1942 necessarium
1049 1877 1146 1955 duxi,
1166 1899 1210 1942 ne

211 1995 240 2047 11
253 1976 374 2059 dicant
392 1999 447 2041 me
461 1979 583 2059 gravia
608 1985 643 2042 et
665 1979 897 2061 importabilia
918 1979 955 2040 in
969 1977 1130 2042 humeros
1145 1977 1208 2042 ho·

254 2077 386 2141 minum
415 2080 598 2143 verborum
626 2098 732 2144 onera
761 2079 851 2148 nelle
878 2078 1066 2160 imponere,
1098 2079 1208 2160 digito

254 2185 371 2245 autem
393 2199 469 2243 meo
498 2198 551 2257 ea,
576 2180 611 2242 id
638 2186 691 2243 est
713 2179 943 2243 consolatorio
970 2178 1089 2257 affatu,
1116 2179 1208 2244 nolle

254 2298 403 2345 movere.
456 2277 649 2344 Audiamus
669 2280 786 2364 itaque
810 2280 892 2363 quid
915 2279 1086 2362 propheta
1105 2279 1207 2352 dixit,

253 2378 411 2463 Diligite,
436 2381 562 2464 inquit,
585 2380 771 2465 justitiam,
800 2381 860 2464 qui
876 2380 1043 2464 judicatis
1066 2387 1205 2451 terram,

207 2497 239 2543 ao
254 2478 335 2545 Hoc
348 2501 456 2546 unum
474 2481 721 2560 testimonium,
741 2482 771 2545 si
785 2487 860 2546 toto
880 2481 982 2545 corde
997 2487 1205 2559 servaretur,

253 2582 389 2647 abunde
409 2582 458 2646 ad
484 2583 706 2664 corrigendos
735 2582 838 2646 duces
864 2581 987 2664 patriae
1013 2580 1205 2661 sufficeret;

251 2701 344 2760 nam,
372 2685 403 2747 si
427 2683 631 2747 dilexissent
656 2682 843 2767 justitiam,
873 2682 1057 2763 diligerent
1083 2682 1205 2764 utique

251 2781 382 2848 fontem
405 2782 656 2867 quodammodo
679 2790 714 2847 et
736 2782 903 2865 originem
926 2783 1033 2846 totius
1045 2781 1205 2867 justitiae,

252 2882 378 2949 Deum.
430 2885 565 2950 Servite
588 2885 739 2972 Domino
764 2884 801 2947 in
824 2883 990 2960 bonitate,
1010 2890 1045 2947 et
1065 2883 1102 2946 in
1124 2883 1206 2944 sim-

207 3004 239 3049 2⁵
252 2985 406 3067 plicitate
434 2985 546 3050 cordis
574 2986 719 3068 quaerite
748 3004 837 3048 eum.
891 2983 995 3048 Heu!
1027 2984 1104 3067 quis
1133 2982 1205 3047 vic-

252 3093 351 3150 turus
366 3094 430 3165 est,
446 3096 487 3151 ut
509 3086 649 3171 quidam
672 3093 753 3152 ante
776 3104 840 3149 nos
855 3085 917 3163 ait,
940 3084 1079 3168 quando
1093 3084 1162 3147 ista
1183 3103 1205 3147 a

252 3186 384 3252 civibus
413 3189 661 3272 perficiantur?
697 3187 728 3249 si
755 3194 872 3250 tamen
909 3205 1056 3269 usquam
1086 3184 1204 3267 perfici

251 3290 398 3370 possint,
422 3288 596 3366 Quoniam
619 3288 794 3352 invenitur
815 3288 859 3350 ab
881 3286 934 3350 his
958 3286 1017 3367 qui
1039 3304 1108 3348 non
1127 3293 1203 3347 ten-

252 3389 459 3466 tantillum,
481 3394 627 3471 apparet
649 3396 764 3451 autem
788 3387 837 3449 eis
861 3386 920 3467 qui
946 3385 1047 3448 fidem
1075 3384 1204 3448 habent

207 3489 288 3557 eoin
310 3509 400 3552 eum.
453 3487 547 3552 Nam
568 3488 628 3550 isti
649 3487 722 3550 sine
745 3492 902 3568 respectu
923 3491 1061 3548 tentant
1076 3484 1202 3562 Deum,

252 3591 350 3674 cujus
376 3596 552 3673 praecepta
580 3588 775 3652 contumaci
804 3582 1023 3669 despectione
1049 3590 1202 3649 contem-

252 3700 351 3769 nunt,
367 3710 430 3754 nec
445 3691 546 3754 fidem
560 3695 703 3753 servant
715 3689 778 3765 illi,
795 3687 894 3771 cujus
906 3686 1053 3750 oraculis
1066 3684 1203 3749 blandis

251 3792 308 3856 vel
330 3785 583 3875 aliquantulum
603 3790 731 3853 severis
753 3789 893 3852 dorsum
912 3796 1054 3851 versant
1079 3793 1113 3851 et
1133 3807 1203 3850 non

250 3891 384 3957 faciem.
438 3892 617 3957 Perversae
640 3890 730 3954 enim
754 3890 981 3971 cogitationes
999 3893 1163 3970 separant
1182 3906 1204 3950 a

205 4003 236 4051 8⁵
251 3992 339 4057 Deo.
392 3993 439 4057 Et
468 3993 534 4057 hoc
560 3994 597 4056 in
621 3991 779 4074 tyrannis
803 3991 913 4053 nostri
937 3988 1102 4070 temporis
1126 4007 1203 4069 per-

285 4193 714 4258 marierun]Vpassesontotor.
777 4189 797 4218 ¹¹
824 4191 866 4241 Ad
892 4187 1105 4251 exhortationem]
1138 4157 1214 4236 Cum¹

286 4265 305 4297 ¹¹
324 4266 452 4330 Sapientia
471 4265 628 4328 Solomonia]
652 4265 670 4314 1.
690 4268 715 4326 1,
741 4263 914 4322 hortationem,
926 4260 957 4311 V.

251 4344 276 4402 2,
288 4342 319 4400 33
330 4353 355 4387 v.
369 4341 410 4400 15,
421 4340 462 4386 111.
778 4329 798 4367 ¹⁷
815 4326 927 4400 Autem]
942 4330 1003 4392 Hic,
1019 4329 1049 4380 V.
