2940 4884
312 378 377 443 114
631 388 803 439 nrrsronn
826 389 956 439 ornum.

314 553 469 638 palpare,
495 558 719 634 unguentove
745 568 887 632 ungere,
913 548 1017 631 quod,
1042 553 1177 612 tumore
1195 548 1271 632 jam

315 653 371 720 vel
399 651 524 716 foetore
539 652 616 716 sibi
644 651 859 727 horrescens,
887 649 1041 713 cauterio
1071 654 1107 712 ot
1133 649 1272 731 publico

315 753 408 837 ignis
431 751 654 816 medicamine
677 753 782 832 egetl
806 750 837 813 si
858 756 976 813 tamen
998 747 1192 812 ullomodo
1214 768 1271 813 sa-

317 853 394 917 nari
407 851 530 936 possit,
550 870 645 933 aegro
659 868 878 933 nequaquam
900 848 1067 912 modelam
1083 857 1271 931 quarente,

318 959 355 1019 et
373 951 501 1017 abhoc
525 951 658 1016 medico
680 950 818 1032 longius
842 949 1035 1013 recedente.
1090 947 1121 1011 0
1144 949 1273 1013 inimici
1301 971 1317 1016 s

321 1052 389 1118 Dei
412 1058 447 1115 et
461 1071 532 1115 uon
553 1051 761 1128 sacerdotes,
784 1049 940 1114 veterani
961 1047 1132 1114 malorum
1153 1055 1189 1112 et
1202 1068 1274 1113 non

319 1151 512 1236 pontifices,
530 1151 715 1216 traditores
740 1157 775 1214 ot
798 1168 869 1214 non
893 1154 1093 1212 sauctorum
1119 1146 1273 1231 Aposto-

320 1252 433 1317 lorum
456 1268 684 1327 successores,
707 1250 967 1333 impugnatores
990 1255 1026 1312 et
1048 1268 1119 1313 non
1144 1246 1275 1313 Christi

321 1351 481 1418 ministri.
532 1349 914 1432 Auscultastisquidem
928 1348 1088 1412 secundae
1099 1348 1275 1412 Lectionis

322 1449 485 1533 Apostoli
506 1449 610 1515 Pauli
636 1452 819 1516 vorborum
846 1467 981 1525 sonum,
1009 1446 1087 1534 (sed
1112 1448 1149 1511 iu
1178 1448 1275 1512 nullo
1288 1468 1320 1513 ro

321 1550 424 1615 modo
446 1549 579 1615 monita
607 1550 837 1631 virtutemque
864 1548 1041 1626 servastis,
1072 1555 1108 1613 et
1133 1548 1275 1612 simula·

323 1649 483 1714 chrorum
504 1650 618 1727 modo,
643 1669 722 1733 quae
746 1668 817 1712 non
840 1647 959 1713 vident
981 1667 1092 1730 nequa
1118 1643 1278 1726 audiunt.

324 1748 444 1813 eodem
463 1749 519 1813 die
541 1749 644 1813 altari
662 1744 853 1832 astitistis)
872 1755 956 1812 tunc
979 1754 1015 1811 at
1037 1747 1191 1830 quotidie
1213 1768 1276 1813 vo-

324 1847 378 1911 bis
396 1848 600 1926 intonantis‚
619 1848 772 1925 FratreS,
795 1847 920 1929 iuquit,
942 1846 1053 1911 fidelis
1076 1867 1189 1912 sermo
1211 1853 1276 1924 est,
1356 1885 1361 1888 -

325 1953 362 2011 et
388 1946 482 2010 omni
506 1949 705 2032 acceptione
727 1946 975 2029 dignus-ille
995 1946 1086 2011 dixit
1112 1946 1277 2024 Fidelem,
1291 1969 1322 2014 ro

306 2053 362 2129 vet
383 2047 550 2129 Dignum,
569 2066 633 2112 vos
656 2055 696 2112 ut
719 2047 891 2111 infidelem
915 2052 951 2111 ot
973 2047 1152 2129 indignum
1181 2066 1278 2130 spre-

325 2147 482 2224 vistis,·-
489 2146 527 2211 Si
552 2148 630 2229 quis
653 2148 900 2232 episcopatum
914 2147 1021 2230 cupit,
1042 2148 1170 2211 bonum
1190 2166 1278 2230 opus

325 2246 509 2311 desiderat.
561 2246 637 2312 Vos
661 2247 897 2330 episcopatum
925 2265 1136 2330 magnopere
1164 2247 1279 2312 arari·

329 2345 388 2409 tiae
407 2347 532 2428 gratia,
551 2366 622 2410 non
641 2347 830 2431 spiritualis
846 2345 1022 2429 proiectus
1044 2348 1199 2424 obtentu,
1219 2366 1279 2411 cu-

330 2445 424 2526 pitis,
447 2453 482 2510 et
501 2447 628 2510 bouum
645 2465 733 2529 opus
757 2447 810 2510 illi
833 2445 1040 2527 condignum
1062 2465 1324 2530 nequaquamao

329 2543 475 2608 habetis.
542 2545 690 2629 Oportet
724 2566 807 2628 ergo
838 2545 1035 2629 hujusmodi
1065 2546 1280 2629 irreprehen-

329 2644 462 2707 sibilem
485 2664 571 2708 esse.
625 2647 669 2710 In
691 2646 756 2709 hoc
778 2665 927 2727 namque
954 2665 1110 2710 sermone
1130 2646 1281 2710 lacrimis

329 2744 441 2824 magis
455 2764 559 2826 quam
575 2747 689 2810 verbis
709 2756 795 2828 opus
813 2752 878 2822 est,
899 2764 940 2809 ac
960 2745 989 2808 si
1009 2746 1154 2810 dixisset
1165 2745 1281 2829 Apos-

329 2843 434 2921 toluS,
453 2865 531 2908 eum
546 2864 621 2909 esse
644 2846 801 2909 omnibus
820 2844 1203 2927 irreprehensibiliorem
1222 2847 1281 2910 de-

330 2944 421 3007 bere.
475 2944 588 3007 Unius
610 2945 728 3011 uxoris
751 2945 874 3009 virum.
928 2943 1022 3023 Quid
1043 2946 1094 3010 ita
1112 2946 1204 3029 apud
1218 2966 1326 3015 vosne

331 3062 468 3124 quoquc
483 3046 724 3122 contemnitur,
740 3046 840 3127 quasi
851 3065 921 3109 non
935 3045 1112 3109 audiretur
1122 3047 1178 3111 vel
1191 3046 1282 3110 idem

330 3141 442 3205 dicere
462 3150 497 3206 et
515 3143 626 3206 virum
648 3148 820 3208 uxoruml
873 3144 1044 3222 Sobrium,
1066 3146 1281 3228 prudentem.

332 3240 419 3319 Quis
450 3243 555 3305 etiam
584 3263 629 3306 ex
654 3245 752 3308 vobis
774 3244 840 3307 hoc
868 3244 1053 3326 aliquando
1077 3247 1190 3310 inesse
1218 3247 1283 3310 sibi

329 3342 451 3423 saltem
486 3344 646 3425 optavitl
701 3343 933 3426 Hospitalem‚
967 3345 1002 3408 id
1034 3353 1099 3423 est,
1135 3347 1165 3410 si
1195 3345 1283 3410 forte

367 3610 376 3642 ¹
395 3614 516 3678 Tamara]
534 3616 579 3677 V.;
592 3618 689 3680 timore,
701 3619 735 3667 Β.
822 3619 867 3679 ing
882 3622 908 3666 to
918 3617 960 3666 the
977 3618 1051 3667 ‘mos
1069 3619 1189 3668 Romanae
1205 3622 1285 3671 eccle-

367 3704 727 3775 ⁰Veterant.]olicitat0res,
743 3714 773 3762 V.
824 3687 1025 3805 afflatae.
1044 3759 1099 3806 ῙΤ.
1146 3760 1203 3808 ...1
1240 3764 1251 3808 t

367 3799 602 3868 ⁸Impugautores.]
619 3807 674 3856 Om.
687 3808 721 3856 B.
861 3824 881 3856 rr
898 3758 1181 3890 Zogzfflwp}0ffl,up¹b:lu⁸
1207 3775 1273 3818 'ec‘

369 3882 509 3935 ⁹Secoadae
517 3889 798 3954 Lectioair.]Thesame
861 3894 880 3923 ¹⁴
896 3897 1057 3960 Intercatia]
1070 3899 1208 3963 Intonaret,
1224 3899 1253 3949 V.

333 3969 445 4017 passage
462 3957 558 4007 formed
575 3960 618 4008 the
636 3961 731 4011 Lesson
748 3979 799 4012 em·
859 3963 880 3997 ²⁰
900 3968 990 4030 Opus]
1006 3969 1061 4018 Om.
1073 3970 1108 4019 B.

333 4025 426 4086 ployed
451 4026 477 4075 iu
500 4028 542 4076 the
565 4030 707 4081 ordination
730 4034 759 4081 of
783 4051 799 4083 a
860 4033 878 4063 ²¹
898 4037 1026 4100 Habetin]
1042 4039 1097 4088 Om.
1110 4039 1144 4088 B.

331 4094 421 4156 bishop
442 4096 603 4148 ‘secuudum
624 4101 733 4164 Gallos,'
756 4118 798 4152 see
860 4104 879 4134 ²⁵
901 4108 970 4169 Vos]
983 4108 1099 4170 B.;u0s,
1116 4109 1145 4157 V.

332 4164 458 4229 Mentore,
469 4168 497 4216 ii.
510 4173 551 4231 63,
566 4171 616 4219 and
628 4172 682 4220 also
695 4175 798 4222 accord·
860 4173 880 4204 V
896 4178 944 4225 Est
955 4178 999 4240 si]
1015 4180 1068 4227 Om.
1086 4180 1115 4228 V.
