2940 4884
564 412 736 464 nrrsroun
759 413 889 460 crunaz
1156 395 1199 460 85

248 579 321 632 sam
336 568 485 634 humane
507 570 700 653 hospitibus
719 572 763 634 ad
784 572 899 653 ignem
919 592 997 635 eum
1013 572 1113 636 avide
1127 578 1199 636 tra·

248 667 409 733 bentibus
424 672 597 753 apposuit,
613 678 648 735 et
662 672 818 755 objectus
833 672 979 735 flammis
993 692 1056 754 pro
1069 670 1199 736 Christi

247 770 393 833 caritate
418 771 519 848 dixit,
543 771 637 850 ‘Qui
661 772 755 836 dedit
779 771 862 835 mihi
886 773 978 853 ignis
1005 771 1094 835 ferre
1116 763 1201 855 sup-¹

248 869 399 950 plicium‚
416 870 523 948 dabit,
539 879 590 949 ut,
604 873 677 935 sine
694 872 870 937 clavorum
879 872 1085 950 confixione,
1101 863 1201 937 flamss

220 983 234 1026 5
249 988 322 1032 mas
337 970 556 1035 immobiliter
569 971 762 1054 perferam.'
801 972 919 1036 Unum
934 972 1057 1049 adhuc,
1073 971 1200 1055 praeter

249 1088 411 1150 magnam
424 1071 538 1135 verbis
551 1072 673 1136 volans
688 1079 886 1136 sanctorum
900 1073 1036 1148 silvam,
1050 1073 1200 1155 exempli

249 1171 364 1249 gratia
395 1190 534 1252 ponam,
572 1172 740 1236 Basilium
776 1173 917 1250 scilicet,
950 1170 1199 1236 Caesariensem
1212 1189 1329 1230 aaran·

249 1270 459 1352 episcopum,
474 1272 534 1353 qui
556 1282 633 1335 cum
650 1273 694 1335 ab
708 1272 827 1354 iniquo
842 1273 995 1355 principe
1009 1273 1111 1336 minae
1135 1273 1199 1336 hu-

243 1369 436 1452 juscemodi
458 1371 723 1449 intentarentur,
737 1373 841 1454 quod,
864 1373 931 1436 nisi
952 1373 989 1435 in
1012 1374 1199 1437 crastinum

204 1491 237 1536 ro
249 1468 400 1535 Arriano
422 1491 534 1549 coeno,
557 1479 597 1536 ut
618 1473 735 1551 ceteri,
749 1473 991 1550 macularetur,
1013 1480 1106 1538 esset
1126 1493 1199 1537 om-

249 1569 331 1634 nino
346 1572 544 1650 moriturus,
559 1572 688 1636 dixisse
702 1572 822 1650 fertur,
835 1573 933 1656 ‘Ego
949 1591 1033 1637 sane
1049 1573 1108 1637 ero
1122 1592 1199 1637 cras

249 1670 309 1751 qui
328 1669 429 1734 hodie
449 1691 537 1750 sum,
560 1680 599 1736 tu
622 1680 657 1736 te
680 1674 813 1737 utinam
833 1692 903 1736 non
925 1675 1101 1739 mutares.’
1153 1673 1200 1739 Et

248 1770 385 1849 iterum,
406 1771 572 1836 ‘Utinam
587 1772 745 1836 haberem
763 1773 893 1855 aliquid
917 1774 1013 1855 digni
1036 1776 1199 1850 muneris,

249 1871 341 1952 quod
370 1870 525 1956 offerrem
555 1872 647 1950 huic,
678 1874 737 1955 qui
763 1874 932 1938 maturius
959 1873 1127 1938 Basiliam
1157 1874 1200 1938 de

204 1992 236 2036 15
250 1971 340 2035 nodo
350 1970 443 2036 follis
458 1972 561 2056 hujus
573 1972 791 2037 absolveret?
829 1972 974 2052 Quis-ex
984 1974 1081 2037 vobis
1096 1993 1199 2057 apos-

201 2071 205 2082 '
250 2070 345 2134 tolici
359 2074 525 2136 sermonis
548 2074 715 2156 regulam,
730 2093 808 2155 quae
827 2075 870 2137 ab
886 2074 1043 2137 omnibus
1066 2070 1201 2157 semper

250 2173 379 2235 sanctis
409 2173 643 2237 sacerdotibus
673 2174 864 2256 quibusque
893 2174 1104 2255 temporibus
1138 2194 1200 2237 ex·

249 2273 434 2350 stantibus
457 2272 642 2337 humanam
664 2275 922 2355 suggestionem
944 2272 1202 2356 praecipitanter

249 2371 293 2434 ad
323 2373 513 2454 nequitiam
541 2372 761 2437 festinantem
789 2374 1035 2438 recutientibus
1062 2381 1202 2438 servata

204 2490 237 2537 ro
250 2479 315 2549 est,
336 2473 373 2535 in
395 2475 619 2537 concussione
641 2481 866 2557 tyrannorum
888 2474 1062 2555 indirupte
1084 2480 1200 2538 custo-

249 2571 348 2649 divit,
359 2572 423 2636 hoc
437 2574 539 2638 modo
552 2574 680 2652 dicens,
693 2573 844 2637 Obedire‘
855 2580 992 2655 oportet
1002 2574 1114 2655 magis
1125 2575 1201 2638 Deo

250 2691 354 2753 quam
368 2672 586 2738 hominibust

313 2772 330 2856 ξ
358 2773 413 2837 76.
458 2773 574 2855 Igitur
607 2773 846 2857 confugientes
884 2774 999 2838 solito'
1023 2793 1118 2837 more
1158 2771 1201 2836 ad
1216 2785 1317 2833 Pansae·

1214 2836 1269 2875 from
1287 2832 1355 2921 serip-

251 2872 392 2936 Domini
431 2874 709 2951 misericordiam,
751 2882 1017 2958 sanctorumque
1054 2872 1201 2956 prophe·
1214 2884 1367 2976 {grffierggtavtg

205 2989 237 3034 ro
251 2978 364 3035 tarum
388 2973 463 3058 ejus
486 2993 600 3052 voces,
626 2982 666 3039 ut
694 2974 754 3038 illi
771 2995 834 3057 pro
857 2975 967 3039 nobis·
985 2974 1202 3039 oraculorum
1214 2987 1276 3036 huod.

251 3091 391 3136 suorum
413 3074 533 3157 jacula
562 3074 770 3158 imperfectis
799 3075 1008 3157 pastoribus
1030 3082 1070 3139 ut
1099 3081 1205 3138 antea

251 3174 421 3255 tyrannis,
465 3175 562 3257 queis
606 3176 803 3257 compuncti
846 3183 1023 3252 sanentur,
1065 3174 1204 3251 librent,

251 3273 428 3337 videamus
444 3275 526 3356 quid
542 3276 714 3339 Dominus
736 3274 780 3338 ad
804 3275 939 3338 desides
955 3282 991 3339 et
1003 3274 1205 3338 inhonestos

286 3467 455 3542 ⁷Bosila'um.]
472 3475 525 3524 The
541 3477 714 3524 conversation
775 3471 795 3503 ¹⁷
806 3475 978 3524 Sacerdotibus
992 3511 998 3526 .
1014 3511 1020 3526 .
1036 3474 1205 3540 .hamaaam.]

251 3544 311 3593 here
333 3544 475 3593 mentioned
497 3545 557 3594 took
579 3546 652 3606 place
672 3548 715 3595 be·
740 3545 918 3594 Sacerdotibus
936 3546 1004 3594 omni
1025 3550 1137 3606 tempore
1160 3546 1208 3596 hu-

251 3620 333 3664 tween
346 3615 417 3663 Basil
429 3616 479 3662 and
490 3615 532 3663 the
544 3615 647 3665 Profect
659 3616 715 3664 Mo·
742 3630 852 3679 manem,
866 3616 895 3665 V.

251 3685 349 3746 destos,
371 3685 421 3733 and
448 3686 471 3733 is
498 3686 629 3735 horrowed
652 3686 715 3736 from
775 3682 797 3714 ²⁰
813 3685 973 3750 Custodieit]
991 3684 1154 3748 eustodiunt,
1171 3687 1207 3737 B.

252 3755 378 3816 Rudinus,
389 3769 418 3804 11.
431 3757 466 3805 ix.
743 3757 768 3805 G

288 3819 476 3893 ⁸Epr'rcopum.]
497 3827 552 3876 Om.
569 3826 599 3877 V.
776 3823 795 3855 ²¹
808 3825 1051 3889 Hermathena]
1064 3826 1131 3877 Quae
1139 3826 1208 3890 ejus-

289 3891 399 3958 12Νοτι]
422 3897 476 3946 Om.
494 3896 524 3946 V.
582 3945 584 3948 ,
741 3897 811 3945 modi
822 3900 869 3957 est,
885 3894 915 3945 V.

288 3963 308 3995 ¹⁴
319 3965 359 4014 De
377 3967 437 4014 uodo
449 3967 543 4029 follia]
569 3966 641 4015 Basil
658 3965 717 4014 here
777 3963 797 3996 ¹¹
812 3964 938 4026 Dicdica]
956 3964 1015 4014 Act.
1028 3965 1066 4014 iii.
1079 3970 1120 4014 11.

253 4036 353 4085 alludes
363 4039 389 4084 to
400 4037 442 4084 the
451 4037 575 4098 difficulty
581 4035 610 4084 of
619 4036 718 4085 breatb-
778 4032 798 4070 ²⁷
812 4035 909 4099 Quieta]
928 4035 1004 4096 Quis,
1016 4035 1049 4083 Β.
1064 4036 1094 4084 V.

253 4107 297 4167 ing
324 4104 406 4154 under
424 4107 508 4155 which
530 4107 562 4155 he
587 4106 718 4167 laboured‚
778 4104 929 4154 ¹¹Doaa'aua
947 4105 1000 4166 od]
1018 4106 1144 4154 Dominus
1161 4120 1209 4168 per

254 4191 297 4225 see
309 4176 376 4224 Acta
387 4175 413 4224 S.
427 4177 528 4239 Basilii,
540 4192 582 4237 ap.
594 4178 662 4225 Acta
673 4176 717 4226 SS.
744 4176 888 4238 Prophetas
900 4171 943 4236 ad,
957 4174 986 4223 V.

254 4247 338 4295 Mens.
346 4247 429 4309 lunii,
440 4251 498 4296 tom.
506 4248 534 4296 ii.
541 4261 567 4307 p.
575 4251 633 4309 875,
642 4246 718 4309 §m
