2940 4884
523 442 694 491 nrisronn
716 444 846 492 cinon.
1097 429 1162 494 107

206 598 264 674 sit,
285 598 376 680 ignis
395 600 566 681 probabit.
619 600 656 664 Si
678 600 777 684 cujus
792 620 880 683 opus
895 603 1072 681 manserit,
1087 623 1159 668 om-

207 698 266 760 nia
295 717 357 779 per
388 700 504 781 ignem
536 699 796 784 judicabuntur.
850 701 921 780 Qui
948 703 1160 784 superaedifi-

206 799 349 875 caverit,
374 800 564 863 mercedem
590 801 754 883 accipiet,
799 801 837 864 Si
864 801 963 885 cujus
991 822 1078 885 opus
1104 823 1160 868 ar-
1275 804 1277 809 ’

206 897 302 974 serit,
317 899 559 964 detrimentum
581 902 744 983 patietur.
797 900 951 966 Nescitis
975 904 1057 984 quia
1072 911 1159 968 tem-

179 996 302 1080 splum
316 998 384 1063 Dei
406 1001 502 1079 estis,
525 1008 559 1065 et
576 1000 725 1083 Spiritus
742 1001 809 1066 Dei
825 1001 961 1066 habitat
974 1003 1011 1066 in
1034 1005 1159 1070 vobisl

207 1097 244 1160 Si
267 1100 345 1179 quis
367 1107 483 1165 autern
504 1102 670 1184 templum
686 1102 754 1166 Dei
773 1101 964 1179 violaverit,
986 1103 1160 1185 disperdet

205 1197 302 1261 illum
332 1199 441 1265 Deus,
493 1201 541 1265 Et
567 1202 704 1279 iterum,
733 1201 770 1265 Si
799 1203 876 1284 quis
905 1203 1042 1266 videtur
1066 1206 1159 1286 apud

206 1317 269 1361 vos
290 1300 429 1381 sapiens
454 1320 530 1365 esse
554 1301 591 1364 in
612 1301 677 1365 hoc
702 1300 831 1379 secula,
858 1303 986 1366 stultus
1016 1303 1089 1381 fiat,
1118 1313 1159 1370 ut

206 1398 253 1461 sit
281 1401 439 1482 sapiens;
470 1402 641 1483 sapientia
668 1402 759 1465 enim
788 1401 891 1486 hujus
920 1403 1040 1466 mundi
1069 1405 1157 1468 stul-

162 1523 194 1568 10
208 1499 285 1562 titia
310 1508 363 1564 est
388 1500 480 1584 apud
508 1501 633 1565 Deum.
685 1501 733 1565 Et
753 1508 833 1583 post
859 1502 1049 1584 aliquanta,
1075 1503 1158 1569 Non

205 1599 298 1662 bona
322 1601 482 1683 gloriatio
504 1608 634 1665 vestra.
687 1600 852 1679 Nescitis,
879 1603 962 1685 quia
986 1604 1157 1668 modicum

206 1697 411 1764 fermentum
437 1709 547 1766 totam
577 1720 728 1764 massam
751 1703 965 1783 corrumpitl
1018 1703 1157 1786 Expur-

205 1807 287 1880 gate
308 1802 415 1882 igitur
436 1809 537 1867 vetus
559 1802 783 1882 fermentum3
807 1811 847 1867 ut
868 1803 945 1866 sitis
967 1823 1059 1868 nova
1075 1824 1157 1868 con·

199 1901 348 1980 -spersio
401 1901 584 1980 Quomodo
608 1903 859 1984 expurgabitur
883 1910 984 1967 vetus
1009 1903 1156 1969 fermen-

161 2020 192 2065 15
206 2007 290 2078 tum,
319 2001 355 2065 id
384 2009 450 2079 est,
478 2008 670 2085 peccatum,
698 2002 790 2084 quod
821 2021 843 2066 a
873 2002 993 2066 diebus
1021 2003 1057 2067 in
1083 2005 1157 2069 dies

204 2102 338 2166 cunctis
353 2103 534 2167 conatibus
546 2103 765 2167 cumulaturi
818 2102 864 2166 Et
874 2103 1012 2179 iterum,
1028 2103 1157 2186 Scripsi

204 2203 302 2266 vobis
325 2203 362 2266 in
385 2204 544 2286 epistola,
567 2223 611 2267 ne
638 2203 927 2267 commisceamini
951 2202 1156 2282 fornicariis

204 2320 275 2366 non
297 2304 417 2386 utique
438 2304 630 2368 fornicariis
660 2302 764 2386 hujus
787 2304 917 2381 mundi,
943 2310 1006 2367 aut
1028 2305 1156 2381 avaris,

205 2410 266 2467 aut
288 2406 482 2486 rapacibus
507 2411 568 2469 aut
592 2403 694 2467 idolis
720 2404 970 2482 servientibus;
1000 2403 1155 2487 alioquin

158 2518 191 2563 ao
203 2501 399 2569 debueratis
428 2504 469 2568 de
500 2504 565 2569 hoc
593 2503 721 2567 mundo
749 2505 855 2569 exire.
908 2502 1014 2567 Nunc
1038 2511 1154 2568 autem

204 2604 326 2686 scripsi
353 2605 452 2668 vobis
479 2624 522 2668 ne
553 2604 776 2681 commisceri,
804 2604 834 2666 si
859 2604 1155 2686 quisnominatur

148 2717 162 2746 ⁸
199 2702 322 2781 frater,
351 2712 386 2769 et
415 2712 468 2769 est
496 2705 694 2780 fornicator,
719 2711 780 2768 aut
803 2723 942 2781 avarus,
965 2711 1028 2767 aut
1052 2704 1154 2768 idolis

203 2806 368 2882 serviens,
388 2812 450 2869 aut
469 2805 668 2881 maledicus,
688 2812 749 2868 aut
769 2804 935 2881 ebriosuS,
953 2811 1015 2868 aut
1029 2823 1153 2886 rapax,

203 2925 281 2968 cum
300 2905 497 2990 hujusmodi
518 2925 582 2969 nec
597 2906 711 2969 cibum
731 2905 867 2988 quidem
888 2924 1033 2969 sumere.
1085 2904 1153 2970 Sed

157 3027 189 3071 25
202 3004 291 3070 latro
314 3025 533 3089 nequaquam
554 3026 618 3089 pro
640 3005 733 3069 furto
758 3004 813 3070 vel
836 3006 1019 3070 latrocinio
1043 3005 1153 3069 furem

201 3105 307 3169 alium
328 3107 482 3184 damnat,
505 3127 606 3189 quem
628 3107 744 3190 potius
761 3113 872 3188 optat,
894 3114 1023 3183 tuetur,
1046 3113 1152 3183 amat,

201 3214 321 3288 utpote
337 3209 390 3271 sui
403 3207 541 3271 sceleris
556 3215 761 3271 consortem.

253 3307 270 3389 ᾗ
285 3306 361 3370 101.
386 3307 477 3371 Item
488 3307 526 3370 in
541 3307 699 3389 Epistola
714 3306 758 3369 ad
774 3304 973 3369 Corinthios
988 3304 1151 3384 secunda,
1163 3311 1291 3402 mgr

201 3404 299 3482 Ideo,
331 3406 456 3488 inquit,
485 3406 651 3470 habentes
684 3406 775 3469 hanc
808 3405 1151 3484 administrationem,
1271 3390 1278 3412 '

157 3525 188 3569 ao
195 3505 302 3589 juxta
324 3507 416 3589 quod
437 3505 705 3570 misericordiam
726 3505 904 3569 consecuti
925 3525 1056 3584 sumus,
1083 3526 1153 3570 non

200 3606 410 3685 deficiamus,
433 3607 494 3671 sed
509 3606 710 3690 abjiciamus
724 3606 860 3670 occulta
872 3605 1059 3683 dedecoris,
1082 3626 1152 3670 non

201 3707 417 3772 ambulantes
431 3709 468 3770 in
485 3708 615 3771 astutia
631 3726 743 3788 neque
758 3705 993 3770 adulterantes
1009 3707 1152 3772 verbum

201 3808 280 3885 Dei,
302 3829 365 3890 per
385 3810 514 3873 malum
537 3808 745 3891 exemplum,
768 3807 911 3885 scilicet,
934 3814 969 3871 et
982 3827 1044 3889 per
1065 3807 1150 3872 adu·
1213 3800 1216 3807 ’

200 3908 375 3973 lationem.
428 3910 473 3974 In
491 3909 778 3990 subsequentibus
800 3915 917 3972 autem
929 3909 980 3971 ita
994 3908 1038 3972 de
1051 3909 1152 3971 malis

157 4030 187 4074 55
200 4009 397 4074 doctoribus
426 4010 532 4089 dicit;
562 4008 656 4073 Nam
679 4008 847 4092 ejusmodi
870 4008 1152 4090 pseudoapostoli

236 4251 246 4280 ²
264 4253 353 4310 Qui..
368 4291 374 4304 .
387 4255 539 4318 cormorlem]
554 4257 612 4331 Ona
626 4253 656 4304 V'.
673 4249 677 4320 Ι
729 4250 749 4281 ³³
765 4253 822 4315 Et]
837 4254 892 4302 Om.
905 4251 939 4304 Β.
