2940 4884
503 411 675 459 ursrorun
698 413 828 461 cruos.
1098 398 1142 461 15

190 576 315 653 parata
335 569 470 634 sortiter
492 570 653 635 dimicare
679 590 742 653 pro
765 570 891 652 patria,
915 590 1027 652 neque
1053 589 1139 652 qua-

191 669 328 734 dratum
341 689 478 752 agmen,
490 690 601 752 neque
609 670 770 734 dextrum
783 690 903 748 cornu,
914 671 1048 735 aliusve
1058 670 1140 734 belli
1231 738 1238 746 ,

192 776 380 853 apparatus
408 771 445 834 in
473 771 590 835 littore
620 771 823 849 conseritur,
859 772 919 836 sed
948 778 1048 853 terga
1075 790 1139 853 pro

192 872 299 934 scutis
328 869 530 953 fugantibus
558 871 700 948 dabant,
730 879 765 936 et
793 872 884 937 oolla
911 872 1047 954 gladiiS,
1078 890 1138 953 ge-

164 970 262 1037 slido
286 990 347 1054 per
372 990 453 1035 ossa
477 977 624 1035 tremore
649 978 819 1049 currente,
846 991 1037 1054 manusque
1063 971 1139 1034 vin-

192 1070 322 1135 ciendae
339 1071 551 1136 muliebriter
571 1071 843 1154 protenduntur;
868 1072 920 1135 ita
942 1072 1038 1135 utin
1059 1090 1139 1152 pro-

192 1172 347 1236 verbium
371 1171 465 1235 etin
494 1171 644 1234 derisum
668 1171 772 1253 longe'
800 1172 939 1253 lateque
968 1171 1139 1247 efferatur,

193 1270 285 1353 quod
310 1290 380 1333 non
405 1271 566 1334 Britanni
594 1271 723 1333 sintin
746 1271 838 1336 bello
861 1270 980 1349 sortes,
1011 1291 1075 1335 nec
1105 1271 1140 1333 in

193 1390 279 1453 pace
292 1369 422 1434 fideles.

149 1491 181 1537 ro
245 1471 310 1554 §7.
335 1469 461 1551 Itaque
482 1469 644 1546 Romani,
664 1469 781 1534 multis
800 1470 1007 1552 perfidorum
1030 1471 1141 1548 caesis,
1154 1473 1304 1564 2331}ng

194 1570 369 1634 nonnullis
388 1570 433 1634 ad
456 1571 669 1648 servitutem,
687 1589 732 1633 ne
754 1577 847 1635 terra
866 1571 1005 1653 penitus
1026 1571 1063 1633 in
1085 1590 1141 1634 so·

193 1670 373 1734 litudinem
405 1670 628 1752 redigeretur,
664 1671 915 1753 mancipalibus
945 1671 1141 1747 reservatis,

193 1771 308 1853 patria
330 1771 403 1835 vini
430 1771 564 1853 oleique
591 1777 733 1852 experte
758 1772 890 1848 relicta,
918 1770 1058 1835 Italiam
1081 1791 1142 1853 pe·

193 1876 499 1953 tunt,suorumque
507 1870 674 1953 quosdam
682 1872 888 1954 praepositos
897 1872 1142 1953 relinquentes,

148 1989 179 2034 15
192 1971 432 2053 indigenarum
451 1971 563 2035 dorsis
583 1971 775 2052 mastigias,
796 1972 986 2036 cervicibus
1003 1971 1152 2054 jugum,

193 2072 267 2136 solo
287 2091 412 2136 nomen
432 2070 603 2134 Romanae
624 2071 801 2135 servitutis
824 2071 955 2135 haerere
976 2070 1142 2148 facturos,

192 2190 234 2235 ac
250 2191 319 2235 non
336 2178 408 2235 tam
422 2171 564 2235 militari
576 2190 682 2234 manu
699 2189 803 2251 quam
822 2170 970 2252 flagellis
984 2170 1143 2234 callidam

195 2278 333 2354 gentem
357 2276 604 2347 maceraturos,
631 2278 677 2347 et,
706 2270 737 2332 si
762 2289 817 2334 res
842 2270 891 2334 sic
920 2271 1143 2353 postulasset,

194 2391 322 2449 ensem,
342 2377 382 2434 ut
400 2370 538 2448 dicitur,
554 2370 684 2452 vagina
702 2388 849 2435 vacuum
867 2371 968 2434 lateri
985 2369 1061 2454 ejus
1080 2391 1143 2453 po·

148 2489 180 2534 ao
194 2471 267 2553 puli
284 2471 622 2551 accommodaturos3
647 2471 699 2534 ita
720 2477 761 2534 ut
784 2491 854 2535 non
875 2471 1059 2535 Britannia
1083 2471 1145 2534 sed

194 2570 356 2636 Romana
381 2571 496 2636 insula
529 2567 737 2648 censeretur,
765 2577 800 2634 et
827 2571 990 2653 quicquid
1018 2570 1146 2635 babere

193 2672 363 2754 potuisset
380 2673 472 2750 aeris,
488 2672 635 2754 argenti,
648 2671 705 2737 vel
718 2671 805 2750 auri,
827 2672 978 2753 imagine
995 2670 1145 2736 Caesaris

193 2779 385 2838 notaretur.

246 2871 311 2956 §8.
336 2872 476 2937 Interea
498 2871 637 2955 glaciali
659 2870 788 2953 frigore
809 2870 935 2952 rigenti
956 2870 1092 2948 insulae,
1110 2876 1146 2935 et
1157 2885 1251 2976 llllt‘

148 2990 180 3034 ss
193 2973 290 3037 velut
311 2973 466 3055 longiore
488 2979 658 3037 terrarum
680 2971 906 3036 secessusoli
927 2971 1054 3036 visibili
1075 2991 1146 3036 non

193 3075 373 3155 proximae,
387 3092 490 3139 verus
504 3073 563 3137 ille
579 3073 651 3151 Sol,
666 3093 737 3136 non
751 3073 794 3136 de
806 3072 1022 3136 firmamento
1033 3072 1146 3136 solum

193 3174 386 3257 temporali,
412 3173 472 3237 sed
501 3173 543 3237 de
573 3193 708 3237 summa
735 3174 840 3237 etiam
870 3172 1037 3236 coelorum
1067 3191 1146 3235 arce

227 3415 419 3481 ¹Coaseritur.]
451 3418 656 3480 Conspiciuntur,
716 3412 736 3444 ²¹
753 3414 884 3477 Ronanu]
902 3413 1069 3475 Romanius.
1082 3413 1146 3461 Con-

198 3489 227 3538 V.
236 3504 244 3548 ;
254 3488 295 3536 vel
306 3488 429 3549 innititur,
439 3489 514 3549 gloss.
682 3485 785 3547 cerning
796 3484 838 3532 the
849 3498 922 3532 name
934 3483 963 3531 of
976 3483 984 3510 ‘
995 3483 1085 3531 Insula
1096 3483 1146 3531 Ro·

229 3555 238 3584 ⁴
254 3557 376 3621 Dabunt]
393 3556 426 3606 A.
438 3559 495 3606 cdd.
507 3557 636 3605 Romanis.
682 3554 773 3616 mana,’
790 3568 833 3603 see
845 3553 942 3602 Carte’s
954 3553 1025 3602 Hist,
1040 3553 1115 3616 Engl.
1127 3554 1145 3603 i.

228 3624 239 3662 ⁷
255 3627 407 3693 afferma]
417 3628 564 3690 Efferretur,
575 3627 605 3677 V.
611 3628 631 3675 J
633 3643 655 3688 .;
683 3629 740 3686 190,
751 3628 817 3674 note.

192 3703 318 3761 narratur,
328 3696 362 3747 A.
372 3699 448 3761 gloss.
716 3691 736 3724 ¹¹
753 3693 860 3756 Insula]
881 3693 936 3742 Om.
949 3693 983 3741 B.
1000 3691 1030 3741 V.

229 3766 377 3832 13Ριιτνὶα.]
394 3767 538 3829 Patr-iique,
550 3767 584 3816 B.
716 3762 736 3794 ¹¹
754 3764 875 3827 Habere]
893 3763 1000 3824 Haben,
1017 3762 1047 3812 V.

229 3836 249 3870 ¹³
265 3839 384 3902 Relicta]
406 3839 436 3889 V.
447 3855 454 3898 ς
465 3853 511 3887 orn.
523 3837 606 3888 MSS.
716 3832 737 3865 ⁴¹
753 3832 900 3896 Prterierat]
917 3834 1060 3894 Posuisset‚
1071 3830 1105 3881 A.

229 3906 249 3938 ¹⁶
265 3909 380 3973 Noram]
399 3909 517 3970 Nomine,
528 3906 563 3958 A.
716 3903 737 3936 ²⁴
753 3905 872 3968 Interea]
890 3904 960 3953 Dum
971 3901 1146 3966 agunturbaec

229 3975 248 4007 ¹⁶
266 3979 422 4044 demittitis]
439 3979 558 4040 Virtutis,
570 3979 605 4030 B.
682 3977 847 4038 infidelitatis,
858 3974 892 4024 A.
902 3975 977 4037 gloss.
1082 4009 1084 4012 ψ

228 4047 248 4079 ¹⁶
268 4050 392 4114 Herma]
409 4051 522 4111 Honore,
538 4050 569 4099 V.
717 4043 737 4076 ¹⁴
755 4044 881 4109 Rigeuti]
899 4045 1001 4107 Rigent,
1017 4043 1048 4094 V.

228 4116 248 4149 ¹⁷
266 4121 407 4184 fugella]
419 4121 528 4184 Flagris,
540 4120 574 4170 B.
587 4118 617 4168 V.
626 4120 655 4168 J.
717 4114 737 4145 ⁴⁴
753 4118 811 4181 Et]
824 4117 900 4178 Quae,
917 4115 946 4164 V.
956 4131 963 4174 3
974 4118 1012 4174 ut,
1024 4114 1058 4164 Β.

229 4189 248 4221 ¹⁹
265 4191 377 4254 Popula]
398 4192 453 4240 om.
466 4191 500 4239 a.
518 4191 548 4239 ν.
560 4191 588 4239 J.
717 4185 737 4216 ¹⁶
754 4189 819 4252 su]
839 4188 894 4236 om.
907 4187 941 4235 B.
958 4185 988 4235 ν.
1000 4185 1029 4234 J.
