2940 4884
532 424 703 472 nrrsronr
728 425 857 473 emon.
1124 413 1168 477 55

216 580 270 646 vis
296 581 470 646 ascendet.
522 580 736 667 Abjecerunt
765 585 855 648 enim
884 584 996 667 legem
1026 585 1171 652 Domini

216 682 440 758 exercituum,
471 689 507 746 et
535 684 709 766 eloquium
737 684 850 748 sancti
880 684 991 749 Israel
1019 685 1167 769 despex-

216 788 329 846 erunt.
382 782 427 846 In
454 784 612 847 omnibus
643 785 696 847 his
725 804 795 849 non
822 792 876 848 est
900 805 1043 850 aversus
1071 786 1167 852 suror
1239 802 1244 807 ’

172 873 174 879 ’
216 881 370 960 Domini,
384 883 445 947 sed
460 882 573 948 adhuc
587 903 710 948 manus
725 884 801 968 ejus
817 892 971 950 extenta.

186 998 202 1041 s
268 982 352 1065 544.
377 983 424 1047 Et
438 991 518 1066 post
532 984 711 1068 aliquanta
723 986 766 1049 de
778 985 833 1048 die
848 984 871 1049 J
875 986 978 1049 udicii
994 992 1029 1049 et
1043 1006 1166 1069 pecca·

215 1089 330 1146 torum
357 1083 522 1147 ineffabili
555 1093 651 1149 metu
685 1084 895 1167 disceptans
930 1087 991 1163 ait,
1022 1085 1166 1152 Ululate

216 1184 298 1264 quia
313 1203 420 1266 prope
443 1190 497 1247 est
509 1184 582 1248 dies
598 1184 834 1262 Domini,-si
847 1192 930 1248 tunc
946 1205 1053 1268 prope
1077 1194 1165 1264 erat,

149 1358 152 1363 4
215 1283 298 1364 quid
322 1303 414 1347 nunc
439 1284 775 1367 putabiturl-quia
795 1284 943 1350 vastitas
965 1305 987 1348 a
1008 1284 1085 1349 Deo
1105 1306 1166 1352 ve-

214 1384 298 1447 niet.
350 1383 499 1466 Propter
514 1384 579 1449 hoc
593 1403 712 1449 omnes
734 1404 857 1449 manus
872 1385 1116 1463 dissolventur,
1129 1393 1166 1451 et

169 1496 202 1542 ro
214 1503 314 1546 omne
344 1503 404 1548 cor
432 1482 579 1548 hominis
605 1485 760 1549 tabescet
795 1491 831 1548 et
858 1492 1067 1562 conteretur,
1093 1492 1164 1549 tor-

213 1583 325 1646 tiones
341 1590 376 1647 et
390 1583 525 1648 dolores
544 1587 723 1663 tenebunt,
738 1585 839 1668 quasi
860 1585 1056 1667 parturiens
1070 1584 1163 1649 dole·

212 1684 311 1747 bunt.
364 1683 611 1768 Unusquisque
634 1685 679 1749 ad
700 1686 896 1768 proximum
916 1704 1017 1748 suum
1045 1693 1165 1767 stupe-

213 1783 275 1860 bit,
290 1782 395 1847 facies
415 1786 604 1848 combustae
619 1786 737 1850 vultus
762 1785 910 1850 illorum.
962 1784 1065 1862 Ecce,
1088 1785 1161 1849 dies

213 1882 355 1946 Domini
368 1885 484 1948 veniet
497 1884 644 1950 crudelis
660 1892 695 1949 et
709 1885 958 1966 indignationis
977 1885 1112 1966 plenae,
1128 1892 1164 1949 et

170 1997 200 2041 15
212 1982 273 2045 irae
299 1983 504 2067 furorisque,
530 1985 574 2047 ad
599 1985 795 2067 ponendam
819 1992 948 2049 terram
975 1985 1014 2047 in
1040 1984 1162 2048 solitu-

212 2082 338 2161 dinem,
352 2091 388 2148 et
400 2090 598 2166 peccatores
613 2084 690 2167 ejus
711 2083 938 2148 conterendos
951 2082 994 2147 de
1009 2102 1062 2162 ea,
1077 2103 1163 2165 quo·

213 2183 306 2247 niam
321 2183 431 2247 stellae
455 2183 536 2248 coeli
559 2191 595 2248 et
616 2184 779 2265 splendor
792 2203 910 2248 earum
935 2203 1006 2247 non
1030 2201 1163 2266 expan-

212 2282 295 2348 dent
311 2283 428 2347 lumen
450 2303 562 2361 suurn,
577 2284 858 2348 obtenebrabitur
869 2283 923 2348 sol
935 2283 971 2346 in
986 2290 1065 2347 ortu
1087 2302 1163 2362 suo,

214 2390 250 2448 et
261 2383 346 2449 luna
360 2404 430 2448 non
443 2384 636 2467 splendebit
649 2384 686 2448 in
700 2391 854 2467 tempore
875 2403 951 2462 suo,
966 2391 1002 2448 et
1013 2384 1164 2448 visitabo

169 2498 318 2567 aosuper
340 2485 433 2548 orbis
456 2485 560 2563 mala,
589 2491 625 2549 et
651 2491 773 2549 contra
796 2485 920 2567 impios
944 2483 1163 2567 iniquitatem

213 2584 378 2667 ipsorum,
405 2593 441 2649 et
469 2586 644 2667 quiescere
667 2585 792 2649 faciam
817 2584 1014 2667 superbiam
1041 2584 1163 2647 infide·

212 2683 308 2762 lium,
323 2692 359 2749 et
372 2685 608 2767 arrogantiam
622 2684 762 2750 fortium
778 2684 978 2748 humiliabo.
1031 2683 1078 2746 Et
1098 2683 1163 2759 ite·

212 2804 300 2862 rum,
315 2785 417 2861 Ecce,
432 2785 603 2850 Dominus
622 2784 804 2868 dissipabit
815 2775 955 2862 terram,
970 2790 1006 2846 et
1020 2782 1165 2847 nudabit
1181 2869 1183 2872 y

212 2904 301 2963 eam,
323 2892 359 2950 et
382 2884 513 2968 affliget
534 2885 657 2950 faciem
678 2885 766 2969 ejus,
781 2892 817 2949 et
829 2885 1005 2967 disperget
1029 2883 1164 2947 habita·

168 2991 306 3051 ratores
320 2985 417 3070 ejus3
435 2993 471 3051 et
485 2987 550 3052 erit
572 2986 662 3050 sicut
683 2985 844 3069 populus,
859 2985 909 3049 sic
923 2983 1104 3065 sacerdos;
1129 2988 1165 3047 et

212 3086 308 3151 sicut¹
318 3105 450 3165 servus,
467 3088 517 3152 sic
541 3086 700 3150 dominus
723 3086 821 3170 ejus3
845 3085 935 3149 sicut
960 3083 1099 3160 ancilla,
1113 3083 1164 3147 sic

213 3186 352 3250 domina
360 3186 435 3271 ejus
447 3208 455 3267 ;
470 3189 560 3252 sicut
574 3205 710 3268 emens,
718 3187 767 3250 sic
781 3185 840 3250 ille
854 3185 914 3268 qui
922 3184 1058 3263 vendit3
1074 3184 1165 3248 sicut

200 3282 413 3364 'foeneraton
431 3288 480 3351 sic
492 3288 550 3352 ille
570 3288 630 3369 qui
651 3294 809 3352 mutuum
831 3285 968 3368 accipit3
993 3284 1084 3347 sicut
1105 3283 1166 3365 qui

133 3457 137 3467 ³
212 3386 350 3467 repetit,
364 3387 414 3448 sic
435 3387 495 3468 qui
517 3386 629 3450 debet.
681 3387 919 3468 Dissipatione
942 3383 1166 3465 dissipabitur

169 3492 317 3563 aeterra,
339 3491 375 3549 et
397 3485 587 3568 direptione
609 3486 831 3567 praedabitur.
882 3482 1053 3547 Dominus
1075 3481 1166 3545 enim

212 3586 348 3650 locutus
371 3592 425 3649 est
438 3587 580 3650 verbum
601 3585 679 3664 hoc,
703 3585 812 3650 Luxit
835 3590 870 3648 et
894 3583 1041 3647 defluxit
1061 3590 1166 3660 terra,

213 3685 359 3750 defluxit
373 3686 478 3763 orbis,
492 3686 667 3750 infirmata
681 3693 735 3751 est
750 3686 794 3749 ab
810 3683 1064 3749 habitatoribus
1082 3683 1165 3761 suis,

213 3786 295 3869 quia
308 3787 518 3869 transgressi
532 3793 614 3850 sunt
626 3787 733 3870 leges,
749 3791 973 3851 mutaverunt
982 3783 1055 3868 jus,
1066 3783 1167 3848 dissi·

212 3894 384 3968 paverunt
396 3887 511 3952 soedus
527 3888 782 3970 sempiternum.
835 3885 984 3968 Propter
1006 3884 1072 3949 hoc
1093 3903 1167 3948 ma-

169 4005 200 4050 ss
213 3987 351 4053 ledictio
365 3989 503 4054 vorabit
517 3995 656 4053 terram.
719 4020 722 4028 ·

264 4089 282 4173 ᾗ
295 4089 350 4154 45.
368 4089 415 4153 Et
428 4089 530 4168 infra,
546 4087 781 4171 Ingemiscent
796 4105 914 4151 omnes
929 4084 990 4168 qui
1002 4084 1169 4147 laetantur

213 4190 327 4268 corde,
350 4191 499 4271 cessabit
530 4190 694 4284 gaudium
726 4195 983 4273 tympanorum,
1013 4184 1168 4269 quiescet
1241 4274 1243 4278 Α
