2940 4884
537 423 623 471 VITA
646 422 775 471 SANcrl
799 423 929 470 GILDAE.
1109 425 1210 474 XXXV

264 577 447 664 Affligebat
469 579 625 658 eundem,
650 580 887 644 commovebat
910 580 1001 645 inter
1025 589 1209 668 utrumque

257 681 448 745 maximum
473 682 633 745 furorem.
685 679 720 746 A
750 680 868 745 Scotia
897 681 1058 746 veniebat
1088 685 1209 767 saepis-

257 781 354 861 sime,
377 782 536 846 incendia
551 782 714 865 ponebat,
730 780 869 863 praedas
881 780 1029 846 ducebat
1041 802 1119 847 cum
1134 785 1206 850 vic-

257 882 347 946 toria
361 901 403 946 ac
424 883 537 947 laude.
593 882 693 946 Unde
709 901 769 946 rex
791 881 997 946 universalis
1014 882 1207 950 Britanniae

228 983 401 1047 aaudiens
431 982 688 1066 magnanimum
713 982 878 1066 juvenem
906 982 991 1046 talia
1021 982 1142 1049 secisse
1173 993 1208 1051 et

257 1084 406 1165 aequalia
430 1084 555 1161 lacere,
579 1088 780 1166 persecutus
806 1088 859 1146 est
887 1083 1212 1151 victoriosissimum.

251 1182 417 1266 juvenem
435 1192 471 1249 at
488 1184 667 1267 optimum,
691 1190 731 1247 ut
745 1182 885 1246 aiebant
899 1189 935 1246 et
953 1185 1139 1265 sperabant
1152 1185 1204 1248 in-

256 1283 403 1365 digenae,
417 1284 573 1348 futurum
586 1301 714 1364 regem.
768 1281 813 1345 In
834 1282 1075 1364 prosecutione
1090 1292 1206 1349 autem

255 1381 373 1448 hostili
392 1391 428 1449 et
442 1386 480 1448 in
496 1391 669 1449 conventu
691 1381 814 1448 bellico
836 1382 873 1445 in
885 1382 1000 1447 insula
1016 1382 1139 1448 Minau
1152 1385 1204 1448 in-

212 1497 243 1542 ro.
254 1483 389 1548 terserit
397 1485 560 1569 juvenem
583 1483 823 1566 praedatorem.
876 1481 964 1547 Post
980 1482 1075 1548 illam
1097 1483 1205 1549 inter-

253 1581 436 1649 fectionem
472 1582 648 1666 Arthurus
686 1583 798 1648 victor
831 1581 1010 1661 remeavit,
1050 1584 1205 1666 gaudens

253 1685 403 1749 maxime
446 1685 538 1769 quod
578 1690 804 1767 superaverat
839 1702 940 1747 suum
980 1682 1206 1750 fortissimum

252 1782 398 1849 hostem.
450 1784 574 1850 Gildas
594 1786 778 1850 Britonum
800 1782 1099 1867 historiographus
1122 1793 1206 1851 tune

251 1904 432 1950 remanens
454 1887 490 1950 in
509 1886 680 1950 Hibernia
701 1884 853 1951 studium
876 1904 999 1966 rege-ns
1021 1893 1057 1950 et
1079 1886 1205 1969 praedi·
1269 1875 1272 1879 ’

207 2002 335 2049 iscans
357 1976 552 2052 incivitate
577 1983 765 2062 Ardmaca,
785 1985 918 2050 audivit
940 1984 1082 2050 fratrem
1104 2006 1205 2051 suum

252 2088 296 2150 ab
317 2085 474 2152 Arthuro
496 2106 578 2169 rege
597 2084 816 2150 intersectum
839 2085 957 2149 fuisse.
1011 2085 1134 2150 Doluit
1161 2089 1206 2151 ah

252 2186 384 2264 auditu,
413 2187 509 2252 flevit
536 2206 614 2250 cum
640 2185 783 2267 gemitu,
809 2191 849 2250 ut
871 2184 979 2249 frater
1006 2185 1204 2251 carissimus

251 2305 315 2368 pro
337 2287 513 2351 carissimo
536 2285 663 2366 fratre3
687 2285 800 2351 oravit
819 2305 882 2368 pro
905 2284 1028 2367 spiritu
1051 2286 1204 2352 fraterno

250 2386 415 2470 quotidie,
438 2388 562 2455 orabat
586 2386 728 2468 insuper
752 2405 815 2468 pro
837 2384 994 2451 Arthuro
1013 2384 1131 2452 fratris
1149 2389 1203 2452 sui

205 2513 240 2559 20
249 2495 468 2570 persecutore
483 2495 519 2552 et
531 2486 775 2551 interfectore.
796 2533 804 2550 .
822 2533 830 2550 .
1385 2533 1417 2557 0

301 2588 362 2672 §6.
379 2589 520 2653 Interea
528 2586 767 2652 sanctissimus
781 2585 905 2650 Gildas
914 2586 1121 2651 venerahilis
1131 2587 1203 2653 his·
1216 2593 1365 2685 {iollggetggffiffl

249 2689 491 2772 toriographus
508 2689 605 2754 venit
626 2688 671 2752 ad
694 2687 912 2751 Britanniam
937 2694 1081 2770 portans
1098 2708 1203 2755 unam
1336 2673 1342 2692 ’

249 2789 514 2872 pulcherrimam
540 2796 575 2853 et
597 2787 831 2851 dulcissimam
855 2806 1071 2870 campanam,
1099 2808 1203 2871 quam

250 2897 393 2955 voverat
420 2890 542 2954 offerre
568 2888 759 2971 apostolico
783 2887 953 2953 Romanae
984 2888 1138 2953 ecclesiae
1165 2891 1202 2953 in

204 3022 237 3067 25
250 2991 564 3073 praesentationem.
604 2989 830 3055 Pernoctavit
843 2989 1029 3054 honorifice
1043 2997 1202 3072 receptus

250 3110 271 3154 a
288 3089 426 3155 Cadoco
440 3089 630 3155 venerabili
644 3092 769 3154 abbate
784 3089 820 3152 in
835 3088 997 3153 Carbana
1011 3089 1126 3167 Valle,
1142 3092 1202 3174 qui

249 3191 455 3257 monstravit
465 3191 516 3254 illi
529 3190 738 3254 laudabilem
748 3208 963 3272 campanam,
974 3197 1202 3255 monstratam

250 3292 393 3374 accepit,
431 3298 609 3374 acceptam
640 3310 752 3354 emere
781 3290 893 3356 voluit
920 3309 1049 3372 magno
1078 3291 1202 3372 pretio,

286 3516 506 3580 ⁸Prosecctiana.]
523 3516 714 3578 Persecutione,
739 3515 815 3575 tiens,
837 3529 905 3562 were
933 3513 1083 3562 introduced
1107 3513 1203 3575 shortly

255 3588 341 3638 Usber.
739 3584 823 3632 before
831 3585 873 3632 the
881 3583 1069 3647 ageolGildas.
1082 3583 1153 3644 They
1158 3599 1201 3633 are

286 3657 297 3690 ⁹
313 3657 424 3721 Micam]
436 3658 552 3720 Mynam,
564 3657 597 3706 B.
739 3654 881 3703 mentioned
891 3655 918 3702 in
935 3654 977 3702 the
989 3654 1045 3702 Life
1057 3652 1086 3702 of
1099 3654 1202 3703 Colum·

287 3727 306 3759 ¹⁵
332 3728 476 3792 Ardmaca]
512 3727 650 3788 Ardinaca,
678 3724 712 3775 A.
739 3724 773 3773 ba
795 3725 830 3785 by
849 3724 1004 3773 Cummenus
1020 3724 1114 3787 Albus,
1132 3724 1203 3792 (Ma-

252 3797 714 3862 ConcerningtheschoolatArmagh,
738 3795 793 3845 bill.
806 3794 866 3844 Act.
883 3790 928 3844 SS.
945 3794 1009 3844 ord.
1027 3795 1053 3844 S.
1071 3795 1168 3846 Bened.
1183 3796 1202 3847 i.

250 3872 283 3920 its
294 3870 410 3933 founder,
421 3869 552 3930 celebrity‚
559 3867 655 3930 pupils,
663 3868 713 3916 and
740 3861 809 3927 ala)
828 3865 878 3914 and
897 3866 931 3926 by
951 3864 1032 3928 Beda,
1055 3865 1092 3917 H.
1113 3866 1144 3916 E.
1165 3880 1201 3917 iv.

250 3942 414 4003 destruction,
425 3955 467 3990 see
477 3939 521 3990 the
533 3938 677 3988 Primordia
687 3936 717 3987 ol
738 3937 812 3986 xxiii.
825 3935 838 3998 t
850 3940 907 3985 ³29.

251 4013 381 4074 Usher‚p.
393 4015 452 4063 859.
773 4004 794 4036 ²⁶
815 4005 931 4069 Gadara]
954 4005 1007 4055 The
1029 4019 1097 4055 same
1116 4019 1202 4055 narra·

285 4080 306 4114 ²³
324 4081 492 4146 Campanam]
520 4079 601 4142 Bells,
627 4078 713 4128 which
738 4076 984 4126 tiveis-introduced
1001 4076 1080 4125 inthe
1099 4075 1203 4138 Legend

249 4154 345 4203 formed
361 4167 394 4201 no
410 4152 507 4214 partos
520 4152 562 4200 the
580 4150 713 4200 ecelesias·
738 4147 768 4196 os
788 4147 881 4196 Cadoc.
898 4146 967 4213 (MS.
985 4147 1051 4197 Cott.
1070 4147 1153 4210 Titus,
1166 4148 1202 4197 D.

249 4225 310 4274 tieal
326 4224 433 4274 utensile
443 4223 472 4273 of
485 4223 527 4272 the
542 4223 614 4283 early
627 4221 712 4271 Chris·
739 4231 806 4269 xxii.
815 4217 858 4267 fol.
868 4214 922 4284 95.)
