2940 4884
472 429 652 477 cnrrronn
678 431 787 502 mum,
801 430 1011 490 suoounrrs.
1190 421 1212 483 7

261 583 409 666 Anglice
431 585 652 650 Wallesende
680 584 818 661 dicitur,
842 584 966 649 Latine
989 606 1071 651 vero
1095 586 1211 672 Caput

261 684 356 747 Muri
377 685 636 768 interpretatur,
665 705 743 768 quae
774 692 827 749 est
847 685 955 768 juxta
982 684 1208 768 Tinemuthe3

259 784 319 867 qui
341 804 460 848 murus
482 786 629 850 multum
651 784 758 849 distat
781 805 803 847 a
824 785 970 867 praefato
994 786 1088 851 vallo
1117 789 1208 870 apud

258 884 445 962 meridiem,
476 905 578 969 quem
606 891 710 949 antea
739 884 831 967 apud
857 884 947 949 Kair
976 885 1074 950 Edeu
1103 907 1209 971 supra

228 1003 243 1046 e
259 1004 352 1048 mare
367 984 494 1050 Scotiae
510 986 774 1050 constituerunt.

309 1083 435 1149 CAPm.
452 1084 549 1149 XII.
574 1084 734 1162 Qualiter
760 1103 845 1166 gens
869 1086 992 1148 scabra
1014 1085 1206 1165 Scotorum,

258 1192 433 1266 comperta
459 1184 683 1249 excusatione
708 1183 956 1260 Romanorum,
981 1184 1019 1248 in
1046 1185 1206 1250 Britones

257 1284 519 1361 insurrexerint,
535 1291 572 1348 et
586 1303 646 1348 eos
660 1282 897 1365 persequendo
912 1283 1124 1349 lacesserint.

309 1382 434 1447 (intur.
453 1382 571 1447 XIII.
598 1382 702 1461 Quod
717 1381 879 1448 Britoues
898 1382 1010 1446 adhue
1034 1405 1128 1449 more
1148 1404 1204 1448 so-

211 1503 243 1549 ro
257 1482 319 1546 lito
336 1483 380 1546 ad
396 1483 574 1547 Romanos
597 1483 774 1547 mittentes
796 1481 883 1545 nihil
903 1482 1121 1565 profecerint,
1145 1487 1205 1549 sed

256 1601 393 1646 rursum
406 1583 478 1646 suis
492 1583 621 1647 viribus
636 1583 824 1647 innitentes
841 1581 960 1646 Pictos
977 1584 1203 1667 propulerint.

307 1680 432 1748 Currr.
450 1681 562 1747 XIV.
585 1681 768 1761 Quomodo
790 1681 901 1746 omnis
917 1682 1057 1766 justitia
1079 1702 1101 1747 a
1125 1685 1203 1748 Bri-

254 1781 392 1846 tonibus
417 1782 569 1866 perierit,
595 1789 631 1847 et
655 1781 766 1846 omnis
791 1781 948 1864 nequitia
967 1803 1030 1866 pro
1045 1784 1203 1863 veritate,

254 1881 358 1945 etiam
372 1882 464 1947 inter
478 1881 672 1965 religiosos
688 1881 909 1947 succreverit.

208 2007 239 2052 15
305 1980 431 2046 Cium.
446 1982 535 2048 XV.
554 1981 657 2061 Quod
669 1981 831 2046 Britones
847 2001 909 2062 pro
925 1980 1123 2046 Senonibus
1138 1984 1201 2047 mi·
1250 2034 1253 2039 .

253 2089 384 2159 serunt,
399 2088 434 2146 ct
448 2101 519 2160 eos
536 2083 614 2147 Deo
631 2080 823 2166 judicante,
837 2100 902 2162 pro
915 2081 1048 2162 peccati
1064 2081 1202 2164 flagello

253 2188 491 2262 susceperunt.

304 2278 430 2345 anrr.
459 2279 570 2344 XVI.
607 2279 767 2358 Qualiter
797 2298 882 2360 gens
912 2278 1085 2343 Saxonica
1124 2300 1201 2344 cum

253 2378 363 2443 tribus
390 2379 506 2465 kyulis
541 2379 759 2444 Britanniam
792 2378 976 2462 appulerit,
1016 2386 1051 2444 et
1080 2387 1202 2462 postea

207 2496 239 2541 ao
254 2479 416 2544 Britones
429 2479 696 2562 impugnaverit.

303 2578 429 2644 Gnrrr.
447 2579 580 2645 XVII.
604 2578 786 2658 Quomodo
801 2578 959 2645 Saxones
979 2585 1113 2643 sumtus
1127 2598 1199 2643 ma-

247 2679 343 2764 jores
366 2680 469 2744 solito
484 2685 666 2761 expetunt,
682 2686 717 2743 et
737 2677 803 2742 hoe
825 2699 950 2761 genere
973 2679 1201 2762 impugnandi

250 2779 413 2844 materias
428 2780 651 2864 quaesierunt,
665 2785 701 2843 et
715 2785 838 2842 sancta
852 2779 920 2844 Dei
934 2779 1163 2862 diripuerunt.

302 2878 428 2945 (intur.
440 2878 765 2957 XVIII.Qualiter
774 2876 979 2944 Ambrosius
989 2877 1200 2943 Aurelianus

204 3001 236 3046 25
251 2979 345 3043 solus
365 2980 415 3044 eis
436 2979 613 3056 restiterit,
632 2986 668 3044 et
682 2977 760 3061 quis
774 2977 889 3042 Gildae
913 2977 1087 3063 Sapientis
1110 2979 1200 3043 nati-

251 3067 370 3144 v'itatis
385 3099 498 3144 annus
511 3078 568 3143 sit.

302 3178 428 3244 Curru.
447 3179 565 3244 XIX.
590 3176 772 3255 Quomodo
786 3197 871 3259 gens
887 3177 1090 3242 Britannica
1102 3184 1198 3261 post-

251 3297 293 3342 ea
308 3286 384 3343 tota
395 3279 600 3344 idololatriae
616 3278 787 3341 erroribus
802 3278 848 3340 sit
862 3276 1011 3343 subdita.

302 3376 428 3443 Curru.
454 3378 550 3441 XX.
584 3377 842 3460 Recepitulatio
869 3375 1095 3458 singulorum,
1120 3395 1199 3458 quae

205 3504 237 3549 30
250 3477 407 3559 superius
428 3477 601 3558 descripta
624 3485 717 3553 sunt,
741 3476 1048 3558 epigrammatum
1070 3475 1107 3538 in
1130 3494 1200 3556 qua

249 3577 534 3659 recapitulatione
546 3583 666 3639 auctor
680 3575 792 3659 operis
807 3574 977 3657 promittit
985 3593 1022 3636 se
1033 3573 1200 3657 majorem

249 3676 373 3740 librum
388 3677 430 3740 de
443 3675 583 3758 regibus
601 3676 783 3739 Britonum
807 3681 842 3739 et
863 3674 906 3738 de
928 3672 1062 3756 proeliis
1081 3693 1200 3738 eorum

248 3777 521 3854 describendum,
536 3796 637 3860 quem
654 3784 689 3840 et
703 3781 826 3859 postea
839 3773 933 3838 facit.

283 3985 303 4017 ¹⁴
337 3980 512 4054 Suecreeerit]
552 3986 713 4047 Succrcvcnt‚
739 3982 798 4031 well
809 3982 953 4031 asinsome
964 3981 1015 4030 few
1025 3981 1119 4044 others,
1130 3982 1199 4031 these

246 4057 279 4107 A.
740 4052 1199 4114 Capitulaulludetocircumstances

281 4125 303 4158 ³³
319 4126 531 4188 Descritendum]
557 4126 582 4174 It
604 4124 658 4174 will
681 4125 712 4172 be
739 4121 949 4172 nottobefound
960 4122 987 4170 in
998 4123 1040 4171 the
1052 4126 1114 4184 text,
1122 4136 1150 4170 as
1158 4137 1198 4170 we

246 4199 368 4248 observed
384 4199 439 4248 thet
449 4199 476 4246 in
487 4196 537 4246 this
548 4196 671 4260 instance,
683 4209 712 4244 as
740 4197 766 4243 at
777 4197 878 4254 present
888 4192 952 4240 have
963 4192 992 4242 it.
