<?xml version="1.0" encoding="UTF-8"?>
<!DOCTYPE html PUBLIC "-//W3C//DTD XHTML 1.0 Transitional//EN"
    "http://www.w3.org/TR/xhtml1/DTD/xhtml1-transitional.dtd">
<html xmlns="http://www.w3.org/1999/xhtml" xml:lang="en" lang="en">
 <head>
  <title>
</title>
<meta http-equiv="Content-Type" content="text/html;charset=utf-8" />
  <meta name='ocr-system' content='tesseract 3.04.00' />
  <meta name='ocr-capabilities' content='ocr_page ocr_carea ocr_par ocr_line ocrx_word'/>
</head>
<body>
  <div class='ocr_page' id='page_1' title='image "./gildasdeexcidio00gildgoog_0136.png"; bbox 0 0 2940 4884; ppageno 0'>
   <div class='ocr_carea' id='block_1_1' title="bbox 272 359 905 429">
    <p class='ocr_par' dir='ltr' id='par_1_1' title="bbox 272 359 905 429">
     <span class='ocr_line' id='line_1_1' title="bbox 272 359 905 429; baseline -0.006 0"><span class='ocrx_word' id='word_1_1' title='bbox 272 359 316 429; x_wconf 82' lang='lat'>88</span> <span class='ocrx_word' id='word_1_2' title='bbox 579 379 750 429; x_wconf 77' lang='grc'><strong>11111011</strong></span> <span class='ocrx_word' id='word_1_3' title='bbox 774 378 905 425; x_wconf 79' lang='lat' dir='ltr'>ernon.</span> 
     </span>
    </p>
   </div>
   <div class='ocr_carea' id='block_1_2' title="bbox 273 533 1285 3925">
    <p class='ocr_par' dir='ltr' id='par_1_2' title="bbox 273 533 1285 3925">
     <span class='ocr_line' id='line_1_2' title="bbox 325 533 1230 622; baseline -0.007 -19"><span class='ocrx_word' id='word_1_4' title='bbox 325 538 422 622; x_wconf 62' lang='lat'>579.</span> <span class='ocrx_word' id='word_1_5' title='bbox 454 537 646 620; x_wconf 82' lang='lat' dir='ltr'>Propterea</span> <span class='ocrx_word' id='word_1_6' title='bbox 677 537 793 600; x_wconf 90' lang='lat' dir='ltr'>audite</span> <span class='ocrx_word' id='word_1_7' title='bbox 817 537 959 600; x_wconf 88' lang='lat' dir='ltr'>verbum</span> <span class='ocrx_word' id='word_1_8' title='bbox 985 533 1140 613; x_wconf 88' lang='lat' dir='ltr'>Domini,</span> <span class='ocrx_word' id='word_1_9' title='bbox 1162 534 1230 599; x_wconf 89' lang='lat' dir='ltr'>viri</span> 
     </span>
     <span class='ocr_line' id='line_1_3' title="bbox 273 632 1230 721; baseline -0.009 -15"><span class='ocrx_word' id='word_1_10' title='bbox 273 636 444 716; x_wconf 83' lang='lat' dir='ltr'>illusores,</span> <span class='ocrx_word' id='word_1_11' title='bbox 460 639 519 721; x_wconf 93' lang='lat' dir='ltr'>qui</span> <span class='ocrx_word' id='word_1_12' title='bbox 541 637 765 702; x_wconf 79' lang='lat' dir='ltr'>dominamini</span> <span class='ocrx_word' id='word_1_13' title='bbox 788 655 892 718; x_wconf 87' lang='lat' dir='ltr'>super</span> <span class='ocrx_word' id='word_1_14' title='bbox 914 632 1080 718; x_wconf 91' lang='lat' dir='ltr'>populum</span> <span class='ocrx_word' id='word_1_15' title='bbox 1103 655 1230 712; x_wconf 90' lang='lat' dir='ltr'>meum,</span> 
     </span>
     <span class='ocr_line' id='line_1_4' title="bbox 275 735 1230 822; baseline -0.006 -19"><span class='ocrx_word' id='word_1_16' title='bbox 275 741 334 822; x_wconf 92' lang='lat' dir='ltr'>qni</span> <span class='ocrx_word' id='word_1_17' title='bbox 365 747 419 803; x_wconf 88' lang='lat' dir='ltr'>est</span> <span class='ocrx_word' id='word_1_18' title='bbox 450 739 487 802; x_wconf 94' lang='grc'>11</span> <span class='ocrx_word' id='word_1_19' title='bbox 514 737 721 802; x_wconf 82' lang='lat' dir='ltr'><strong>Jerusalem.</strong></span> <span class='ocrx_word' id='word_1_20' title='bbox 772 736 923 800; x_wconf 81' lang='lat' dir='ltr'>Dixistis</span> <span class='ocrx_word' id='word_1_21' title='bbox 950 736 1053 813; x_wconf 89' lang='lat' dir='ltr'>enim,</span> <span class='ocrx_word' id='word_1_22' title='bbox 1081 735 1230 800; x_wconf 89' lang='lat' dir='ltr'>Percus-</span> 
     </span>
     <span class='ocr_line' id='line_1_5' title="bbox 275 834 1231 914; baseline -0.004 -12"><span class='ocrx_word' id='word_1_23' title='bbox 275 841 382 903; x_wconf 89' lang='lat' dir='ltr'>simus</span> <span class='ocrx_word' id='word_1_24' title='bbox 396 838 509 902; x_wconf 88' lang='lat' dir='ltr'>foedus</span> <span class='ocrx_word' id='word_1_25' title='bbox 532 858 609 901; x_wconf 92' lang='lat' dir='ltr'>cum</span> <span class='ocrx_word' id='word_1_26' title='bbox 631 845 753 914; x_wconf 87' lang='lat' dir='ltr'>morte,</span> <span class='ocrx_word' id='word_1_27' title='bbox 776 844 909 900; x_wconf 88' lang='lat' dir='ltr'>etcum</span> <span class='ocrx_word' id='word_1_28' title='bbox 929 834 1064 900; x_wconf 88' lang='lat' dir='ltr'>inferno</span> <span class='ocrx_word' id='word_1_29' title='bbox 1087 834 1231 898; x_wconf 85' lang='lat' dir='ltr'>fecimus</span> 
     </span>
     <span class='ocr_line' id='line_1_6' title="bbox 275 922 1276 1022; baseline -0.009 -19"><span class='ocrx_word' id='word_1_30' title='bbox 275 947 427 1022; x_wconf 91' lang='lat' dir='ltr'>pactum.</span> <span class='ocrx_word' id='word_1_31' title='bbox 492 938 685 1020; x_wconf 80' lang='lat' dir='ltr'>Flagellum</span> <span class='ocrx_word' id='word_1_32' title='bbox 722 937 895 1000; x_wconf 92' lang='lat' dir='ltr'>inundans</span> <span class='ocrx_word' id='word_1_33' title='bbox 935 955 1013 999; x_wconf 92' lang='lat' dir='ltr'>cum</span> <span class='ocrx_word' id='word_1_34' title='bbox 1031 922 1038 939; x_wconf 59' lang='lat'>⁸</span> <span class='ocrx_word' id='word_1_35' title='bbox 1053 935 1232 1000; x_wconf 87' lang='lat' dir='ltr'>transierit</span> <span class='ocrx_word' id='word_1_36' title='bbox 1261 951 1276 994; x_wconf 80' lang='lat'>5</span> 
     </span>
     <span class='ocr_line' id='line_1_7' title="bbox 277 1035 1231 1120; baseline -0.002 -18"><span class='ocrx_word' id='word_1_37' title='bbox 277 1059 347 1104; x_wconf 91' lang='lat' dir='ltr'>non</span> <span class='ocrx_word' id='word_1_38' title='bbox 376 1039 492 1104; x_wconf 83' lang='lat' dir='ltr'>veniet</span> <span class='ocrx_word' id='word_1_39' title='bbox 522 1057 627 1120; x_wconf 88' lang='lat' dir='ltr'>super</span> <span class='ocrx_word' id='word_1_40' title='bbox 660 1056 735 1114; x_wconf 91' lang='lat' dir='ltr'>nos,</span> <span class='ocrx_word' id='word_1_41' title='bbox 767 1038 850 1120; x_wconf 90' lang='lat' dir='ltr'>quia</span> <span class='ocrx_word' id='word_1_42' title='bbox 879 1037 1056 1118; x_wconf 87' lang='lat' dir='ltr'>posuimus</span> <span class='ocrx_word' id='word_1_43' title='bbox 1089 1035 1231 1100; x_wconf 90' lang='lat' dir='ltr'>menda·</span> 
     </span>
     <span class='ocr_line' id='line_1_8' title="bbox 277 1136 1230 1222; baseline -0.006 -17"><span class='ocrx_word' id='word_1_44' title='bbox 277 1140 368 1208; x_wconf 88' lang='lat' dir='ltr'>cium</span> <span class='ocrx_word' id='word_1_45' title='bbox 395 1159 492 1222; x_wconf 92' lang='lat' dir='ltr'>spem</span> <span class='ocrx_word' id='word_1_46' title='bbox 522 1146 691 1214; x_wconf 79' lang='lat' dir='ltr'>nostram,</span> <span class='ocrx_word' id='word_1_47' title='bbox 718 1145 753 1201; x_wconf 89' lang='lat' dir='ltr'>et</span> <span class='ocrx_word' id='word_1_48' title='bbox 782 1136 961 1201; x_wconf 89' lang='lat' dir='ltr'>mendacio</span> <span class='ocrx_word' id='word_1_49' title='bbox 991 1137 1139 1218; x_wconf 88' lang='lat' dir='ltr'>protecti</span> <span class='ocrx_word' id='word_1_50' title='bbox 1171 1155 1230 1200; x_wconf 93' lang='lat' dir='ltr'>su·</span> 
     </span>
     <span class='ocr_line' id='line_1_9' title="bbox 277 1237 1232 1321; baseline -0.006 -15"><span class='ocrx_word' id='word_1_51' title='bbox 277 1258 365 1307; x_wconf 88' lang='lat' dir='ltr'>mus.</span> <span class='ocrx_word' id='word_1_52' title='bbox 418 1239 464 1303; x_wconf 84' lang='lat' dir='ltr'>Et</span> <span class='ocrx_word' id='word_1_53' title='bbox 491 1246 572 1320; x_wconf 88' lang='lat' dir='ltr'>post</span> <span class='ocrx_word' id='word_1_54' title='bbox 602 1237 792 1321; x_wconf 88' lang='lat' dir='ltr'>aliquanta,</span> <span class='ocrx_word' id='word_1_55' title='bbox 815 1237 861 1300; x_wconf 88' lang='lat' dir='ltr'>Et</span> <span class='ocrx_word' id='word_1_56' title='bbox 892 1239 1070 1301; x_wconf 88' lang='lat' dir='ltr'>subvertet</span> <span class='ocrx_word' id='word_1_57' title='bbox 1098 1237 1232 1318; x_wconf 83' lang='lat' dir='ltr'>grando</span> 
     </span>
     <span class='ocr_line' id='line_1_10' title="bbox 277 1334 1232 1422; baseline -0.002 -19"><span class='ocrx_word' id='word_1_58' title='bbox 277 1359 374 1422; x_wconf 90' lang='lat' dir='ltr'>spem</span> <span class='ocrx_word' id='word_1_59' title='bbox 394 1338 575 1416; x_wconf 89' lang='lat' dir='ltr'>mendacii,</span> <span class='ocrx_word' id='word_1_60' title='bbox 595 1346 630 1401; x_wconf 93' lang='lat' dir='ltr'>et</span> <span class='ocrx_word' id='word_1_61' title='bbox 644 1337 903 1421; x_wconf 88' lang='lat' dir='ltr'>protectionem.</span> <span class='ocrx_word' id='word_1_62' title='bbox 955 1334 1068 1418; x_wconf 85' lang='lat' dir='ltr'>Aquae</span> <span class='ocrx_word' id='word_1_63' title='bbox 1083 1336 1232 1401; x_wconf 92' lang='lat' dir='ltr'>inunda-</span> 
     </span>
     <span class='ocr_line' id='line_1_11' title="bbox 278 1438 1278 1517; baseline -0.002 -14"><span class='ocrx_word' id='word_1_64' title='bbox 278 1441 377 1517; x_wconf 92' lang='lat' dir='ltr'>bunt,</span> <span class='ocrx_word' id='word_1_65' title='bbox 407 1447 443 1502; x_wconf 93' lang='lat' dir='ltr'>et</span> <span class='ocrx_word' id='word_1_66' title='bbox 478 1439 647 1502; x_wconf 88' lang='lat' dir='ltr'>delebitur</span> <span class='ocrx_word' id='word_1_67' title='bbox 674 1438 787 1502; x_wconf 89' lang='lat' dir='ltr'>foedus</span> <span class='ocrx_word' id='word_1_68' title='bbox 815 1445 969 1502; x_wconf 88' lang='lat' dir='ltr'>vestrum</span> <span class='ocrx_word' id='word_1_69' title='bbox 1000 1457 1078 1500; x_wconf 93' lang='lat' dir='ltr'>cum</span> <span class='ocrx_word' id='word_1_70' title='bbox 1110 1444 1232 1514; x_wconf 86' lang='lat' dir='ltr'>morte,</span> <span class='ocrx_word' id='word_1_71' title='bbox 1247 1448 1278 1493; x_wconf 81' lang='lat'>1⁰</span> 
     </span>
     <span class='ocr_line' id='line_1_12' title="bbox 279 1537 1231 1622; baseline -0.005 -17"><span class='ocrx_word' id='word_1_72' title='bbox 279 1546 314 1606; x_wconf 89' lang='lat' dir='ltr'>et</span> <span class='ocrx_word' id='word_1_73' title='bbox 349 1546 489 1622; x_wconf 90' lang='lat' dir='ltr'>pactum</span> <span class='ocrx_word' id='word_1_74' title='bbox 519 1547 671 1603; x_wconf 89' lang='lat' dir='ltr'>vestrum</span> <span class='ocrx_word' id='word_1_75' title='bbox 705 1558 783 1601; x_wconf 92' lang='lat' dir='ltr'>cum</span> <span class='ocrx_word' id='word_1_76' title='bbox 817 1537 952 1601; x_wconf 89' lang='lat' dir='ltr'>inferno</span> <span class='ocrx_word' id='word_1_77' title='bbox 988 1557 1058 1601; x_wconf 92' lang='lat' dir='ltr'>non</span> <span class='ocrx_word' id='word_1_78' title='bbox 1098 1538 1231 1616; x_wconf 82' lang='lat' dir='ltr'>stabit3</span> 
     </span>
     <span class='ocr_line' id='line_1_13' title="bbox 279 1637 1233 1720; baseline -0.003 -17"><span class='ocrx_word' id='word_1_79' title='bbox 279 1638 455 1720; x_wconf 81' lang='lat' dir='ltr'>flagellum</span> <span class='ocrx_word' id='word_1_80' title='bbox 480 1639 652 1702; x_wconf 89' lang='lat' dir='ltr'>inundans</span> <span class='ocrx_word' id='word_1_81' title='bbox 688 1657 765 1701; x_wconf 90' lang='lat' dir='ltr'>cum</span> <span class='ocrx_word' id='word_1_82' title='bbox 798 1637 985 1714; x_wconf 88' lang='lat' dir='ltr'>transierit,</span> <span class='ocrx_word' id='word_1_83' title='bbox 1007 1637 1103 1702; x_wconf 88' lang='lat' dir='ltr'>eritis</span> <span class='ocrx_word' id='word_1_84' title='bbox 1133 1645 1169 1701; x_wconf 90' lang='lat' dir='ltr'>et</span> <span class='ocrx_word' id='word_1_85' title='bbox 1196 1638 1233 1700; x_wconf 94' lang='lat' dir='ltr'>in</span> 
     </span>
     <span class='ocr_line' id='line_1_14' title="bbox 280 1737 1234 1822; baseline -0.006 -15"><span class='ocrx_word' id='word_1_86' title='bbox 280 1738 586 1816; x_wconf 87' lang='lat' dir='ltr'>conculcationem,</span> <span class='ocrx_word' id='word_1_87' title='bbox 603 1738 879 1822; x_wconf 92' lang='lat' dir='ltr'>quandocunque</span> <span class='ocrx_word' id='word_1_88' title='bbox 898 1737 1148 1820; x_wconf 89' lang='lat' dir='ltr'>pertransierit,</span> <span class='ocrx_word' id='word_1_89' title='bbox 1166 1737 1234 1802; x_wconf 91' lang='lat' dir='ltr'>tol·</span> 
     </span>
     <span class='ocr_line' id='line_1_15' title="bbox 281 1837 1233 1919; baseline -0.001 -16"><span class='ocrx_word' id='word_1_90' title='bbox 281 1840 329 1903; x_wconf 93' lang='lat' dir='ltr'>let</span> <span class='ocrx_word' id='word_1_91' title='bbox 344 1858 419 1905; x_wconf 87' lang='lat' dir='ltr'>vos.</span> <span class='ocrx_word' id='word_1_92' title='bbox 472 1838 519 1902; x_wconf 90' lang='lat' dir='ltr'>Et</span> <span class='ocrx_word' id='word_1_93' title='bbox 537 1840 673 1916; x_wconf 90' lang='lat' dir='ltr'>iterum,</span> <span class='ocrx_word' id='word_1_94' title='bbox 691 1838 737 1903; x_wconf 88' lang='lat' dir='ltr'>Et</span> <span class='ocrx_word' id='word_1_95' title='bbox 752 1838 842 1902; x_wconf 83' lang='lat' dir='ltr'>dixit</span> <span class='ocrx_word' id='word_1_96' title='bbox 857 1838 1027 1902; x_wconf 92' lang='lat' dir='ltr'>Dominus</span> <span class='ocrx_word' id='word_1_97' title='bbox 1041 1859 1049 1918; x_wconf 90' lang='lat'>;</span> <span class='ocrx_word' id='word_1_98' title='bbox 1075 1838 1127 1902; x_wconf 84' lang='lat' dir='ltr'>Eo</span> <span class='ocrx_word' id='word_1_99' title='bbox 1141 1837 1233 1919; x_wconf 90' lang='lat' dir='ltr'>quod</span> 
     </span>
     <span class='ocr_line' id='line_1_16' title="bbox 281 1937 1279 2022; baseline -0.005 -15"><span class='ocrx_word' id='word_1_100' title='bbox 281 1939 537 2022; x_wconf 82' lang='lat' dir='ltr'>appropinquat</span> <span class='ocrx_word' id='word_1_101' title='bbox 571 1939 720 2022; x_wconf 89' lang='lat' dir='ltr'>populus</span> <span class='ocrx_word' id='word_1_102' title='bbox 752 1939 819 2002; x_wconf 93' lang='lat' dir='ltr'>iste</span> <span class='ocrx_word' id='word_1_103' title='bbox 857 1959 915 2002; x_wconf 90' lang='lat' dir='ltr'>ore</span> <span class='ocrx_word' id='word_1_104' title='bbox 951 1957 1026 2016; x_wconf 89' lang='lat' dir='ltr'>suo,</span> <span class='ocrx_word' id='word_1_105' title='bbox 1063 1948 1098 2005; x_wconf 94' lang='lat' dir='ltr'>et</span> <span class='ocrx_word' id='word_1_106' title='bbox 1133 1937 1234 2002; x_wconf 89' lang='lat' dir='ltr'>labiis</span> <span class='ocrx_word' id='word_1_107' title='bbox 1248 1951 1279 2004; x_wconf 79' lang='lat'>15</span> 
     </span>
     <span class='ocr_line' id='line_1_17' title="bbox 282 2039 1234 2122; baseline -0.001 -20"><span class='ocrx_word' id='word_1_108' title='bbox 282 2039 477 2122; x_wconf 85' lang='lat' dir='ltr'>glorificant</span> <span class='ocrx_word' id='word_1_109' title='bbox 496 2059 563 2117; x_wconf 90' lang='lat' dir='ltr'>me,</span> <span class='ocrx_word' id='word_1_110' title='bbox 578 2060 638 2104; x_wconf 91' lang='lat' dir='ltr'>cor</span> <span class='ocrx_word' id='word_1_111' title='bbox 653 2046 768 2103; x_wconf 92' lang='lat' dir='ltr'>autem</span> <span class='ocrx_word' id='word_1_112' title='bbox 791 2058 909 2103; x_wconf 92' lang='lat' dir='ltr'>eorum</span> <span class='ocrx_word' id='word_1_113' title='bbox 928 2039 1101 2120; x_wconf 84' lang='lat' dir='ltr'>longeest</span> <span class='ocrx_word' id='word_1_114' title='bbox 1123 2057 1145 2102; x_wconf 93' lang='lat' dir='ltr'>a</span> <span class='ocrx_word' id='word_1_115' title='bbox 1167 2058 1234 2116; x_wconf 90' lang='lat' dir='ltr'>me,</span> 
     </span>
     <span class='ocr_line' id='line_1_18' title="bbox 282 2138 1236 2222; baseline 0 -19"><span class='ocrx_word' id='word_1_116' title='bbox 282 2140 360 2204; x_wconf 94' lang='lat' dir='ltr'>ideo</span> <span class='ocrx_word' id='word_1_117' title='bbox 375 2159 454 2203; x_wconf 90' lang='lat' dir='ltr'>ecce</span> <span class='ocrx_word' id='word_1_118' title='bbox 470 2160 536 2222; x_wconf 88' lang='lat' dir='ltr'>ego</span> <span class='ocrx_word' id='word_1_119' title='bbox 552 2141 677 2204; x_wconf 88' lang='lat' dir='ltr'>addam</span> <span class='ocrx_word' id='word_1_120' title='bbox 695 2147 735 2204; x_wconf 93' lang='lat' dir='ltr'>ut</span> <span class='ocrx_word' id='word_1_121' title='bbox 750 2139 1012 2203; x_wconf 88' lang='lat' dir='ltr'>admirationem</span> <span class='ocrx_word' id='word_1_122' title='bbox 1027 2138 1151 2202; x_wconf 88' lang='lat' dir='ltr'>faciam</span> <span class='ocrx_word' id='word_1_123' title='bbox 1171 2159 1236 2221; x_wconf 92' lang='lat' dir='ltr'>po·</span> 
     </span>
     <span class='ocr_line' id='line_1_19' title="bbox 283 2239 1237 2323; baseline 0 -19"><span class='ocrx_word' id='word_1_124' title='bbox 283 2241 365 2323; x_wconf 93' lang='lat' dir='ltr'>pulo</span> <span class='ocrx_word' id='word_1_125' title='bbox 388 2239 467 2305; x_wconf 90' lang='lat' dir='ltr'>huic</span> <span class='ocrx_word' id='word_1_126' title='bbox 489 2240 656 2305; x_wconf 90' lang='lat' dir='ltr'>miraculo</span> <span class='ocrx_word' id='word_1_127' title='bbox 671 2240 794 2322; x_wconf 83' lang='lat' dir='ltr'>grandi</span> <span class='ocrx_word' id='word_1_128' title='bbox 813 2246 848 2303; x_wconf 93' lang='lat' dir='ltr'>et</span> <span class='ocrx_word' id='word_1_129' title='bbox 867 2239 1049 2321; x_wconf 90' lang='lat' dir='ltr'>stupendo.</span> <span class='ocrx_word' id='word_1_130' title='bbox 1103 2239 1237 2304; x_wconf 88' lang='lat' dir='ltr'>Peribit</span> 
     </span>
     <span class='ocr_line' id='line_1_20' title="bbox 286 2339 1236 2424; baseline -0.003 -19"><span class='ocrx_word' id='word_1_131' title='bbox 286 2341 376 2405; x_wconf 92' lang='lat' dir='ltr'>enim</span> <span class='ocrx_word' id='word_1_132' title='bbox 399 2340 571 2422; x_wconf 89' lang='lat' dir='ltr'>sapientia</span> <span class='ocrx_word' id='word_1_133' title='bbox 593 2361 615 2405; x_wconf 89' lang='lat' dir='ltr'>a</span> <span class='ocrx_word' id='word_1_134' title='bbox 636 2341 850 2422; x_wconf 89' lang='lat' dir='ltr'>sapientibus</span> <span class='ocrx_word' id='word_1_135' title='bbox 873 2339 960 2424; x_wconf 75' lang='lat' dir='ltr'>ejuS,</span> <span class='ocrx_word' id='word_1_136' title='bbox 980 2346 1016 2404; x_wconf 91' lang='lat' dir='ltr'>et</span> <span class='ocrx_word' id='word_1_137' title='bbox 1038 2339 1236 2402; x_wconf 88' lang='lat' dir='ltr'>intellectus</span> 
     </span>
     <span class='ocr_line' id='line_1_21' title="bbox 285 2438 1283 2525; baseline 0.001 -22"><span class='ocrx_word' id='word_1_138' title='bbox 285 2440 506 2522; x_wconf 87' lang='lat' dir='ltr'>prudentium</span> <span class='ocrx_word' id='word_1_139' title='bbox 521 2441 596 2525; x_wconf 90' lang='lat' dir='ltr'>ejus</span> <span class='ocrx_word' id='word_1_140' title='bbox 611 2440 852 2505; x_wconf 87' lang='lat' dir='ltr'>abscondetur.</span> <span class='ocrx_word' id='word_1_141' title='bbox 904 2439 983 2517; x_wconf 75' lang='lat' dir='ltr'>Va,</span> <span class='ocrx_word' id='word_1_142' title='bbox 997 2440 1058 2522; x_wconf 93' lang='lat' dir='ltr'>qui</span> <span class='ocrx_word' id='word_1_143' title='bbox 1073 2438 1237 2522; x_wconf 87' lang='lat' dir='ltr'>profundi</span> <span class='ocrx_word' id='word_1_144' title='bbox 1249 2458 1283 2504; x_wconf 82' lang='lat' dir='ltr'>ao</span> 
     </span>
     <span class='ocr_line' id='line_1_22' title="bbox 287 2539 1236 2617; baseline -0.003 -11"><span class='ocrx_word' id='word_1_145' title='bbox 287 2540 370 2606; x_wconf 87' lang='lat' dir='ltr'>estis</span> <span class='ocrx_word' id='word_1_146' title='bbox 392 2540 506 2617; x_wconf 88' lang='lat' dir='ltr'>corde,</span> <span class='ocrx_word' id='word_1_147' title='bbox 526 2549 565 2604; x_wconf 93' lang='lat' dir='ltr'>ut</span> <span class='ocrx_word' id='word_1_148' title='bbox 588 2560 610 2603; x_wconf 90' lang='lat' dir='ltr'>a</span> <span class='ocrx_word' id='word_1_149' title='bbox 624 2541 775 2605; x_wconf 90' lang='lat' dir='ltr'>Domino</span> <span class='ocrx_word' id='word_1_150' title='bbox 801 2541 1021 2604; x_wconf 90' lang='lat' dir='ltr'>abscondatis</span> <span class='ocrx_word' id='word_1_151' title='bbox 1043 2539 1236 2616; x_wconf 91' lang='lat' dir='ltr'>consilium,</span> 
     </span>
     <span class='ocr_line' id='line_1_23' title="bbox 287 2639 1236 2722; baseline -0.001 -19"><span class='ocrx_word' id='word_1_152' title='bbox 287 2661 432 2722; x_wconf 89' lang='lat' dir='ltr'>quorum</span> <span class='ocrx_word' id='word_1_153' title='bbox 456 2649 538 2704; x_wconf 89' lang='lat' dir='ltr'>sunt</span> <span class='ocrx_word' id='word_1_154' title='bbox 560 2642 596 2705; x_wconf 93' lang='lat' dir='ltr'>in</span> <span class='ocrx_word' id='word_1_155' title='bbox 621 2641 771 2706; x_wconf 89' lang='lat' dir='ltr'>tenebris</span> <span class='ocrx_word' id='word_1_156' title='bbox 797 2659 913 2722; x_wconf 86' lang='lat' dir='ltr'>opera,</span> <span class='ocrx_word' id='word_1_157' title='bbox 936 2648 972 2704; x_wconf 93' lang='lat' dir='ltr'>et</span> <span class='ocrx_word' id='word_1_158' title='bbox 996 2640 1126 2717; x_wconf 89' lang='lat' dir='ltr'>dicunt,</span> <span class='ocrx_word' id='word_1_159' title='bbox 1147 2639 1236 2718; x_wconf 82' lang='lat' dir='ltr'>Quis</span> 
     </span>
     <span class='ocr_line' id='line_1_24' title="bbox 287 2740 1236 2824; baseline -0.001 -21"><span class='ocrx_word' id='word_1_160' title='bbox 287 2740 381 2805; x_wconf 90' lang='lat' dir='ltr'>videt</span> <span class='ocrx_word' id='word_1_161' title='bbox 403 2743 490 2805; x_wconf 82' lang='lat' dir='ltr'>nasi</span> <span class='ocrx_word' id='word_1_162' title='bbox 526 2750 561 2805; x_wconf 89' lang='lat' dir='ltr'>et</span> <span class='ocrx_word' id='word_1_163' title='bbox 586 2741 663 2824; x_wconf 89' lang='lat' dir='ltr'>quis</span> <span class='ocrx_word' id='word_1_164' title='bbox 688 2741 785 2805; x_wconf 88' lang='lat' dir='ltr'>novit</span> <span class='ocrx_word' id='word_1_165' title='bbox 807 2742 895 2804; x_wconf 83' lang='lat' dir='ltr'>nosl</span> <span class='ocrx_word' id='word_1_166' title='bbox 950 2741 1120 2805; x_wconf 80' lang='lat' dir='ltr'>Perverse</span> <span class='ocrx_word' id='word_1_167' title='bbox 1145 2741 1236 2803; x_wconf 92' lang='lat' dir='ltr'>enim</span> 
     </span>
     <span class='ocr_line' id='line_1_25' title="bbox 287 2839 1237 2924; baseline -0.001 -21"><span class='ocrx_word' id='word_1_168' title='bbox 287 2839 361 2903; x_wconf 90' lang='lat' dir='ltr'>baec</span> <span class='ocrx_word' id='word_1_169' title='bbox 385 2849 502 2906; x_wconf 89' lang='lat' dir='ltr'>vestra</span> <span class='ocrx_word' id='word_1_170' title='bbox 526 2841 703 2924; x_wconf 81' lang='lat' dir='ltr'>cogitatio.</span> <span class='ocrx_word' id='word_1_171' title='bbox 756 2841 803 2903; x_wconf 91' lang='lat' dir='ltr'>Et</span> <span class='ocrx_word' id='word_1_172' title='bbox 825 2847 905 2922; x_wconf 91' lang='lat' dir='ltr'>post</span> <span class='ocrx_word' id='word_1_173' title='bbox 930 2840 1121 2924; x_wconf 86' lang='lat' dir='ltr'>aliquanta,</span> <span class='ocrx_word' id='word_1_174' title='bbox 1146 2839 1237 2903; x_wconf 86' lang='lat' dir='ltr'>Haec</span> 
     </span>
     <span class='ocr_line' id='line_1_26' title="bbox 287 2941 1285 3021; baseline -0.005 -18"><span class='ocrx_word' id='word_1_175' title='bbox 287 2941 370 3004; x_wconf 91' lang='lat' dir='ltr'>dicit</span> <span class='ocrx_word' id='word_1_176' title='bbox 385 2942 575 3021; x_wconf 89' lang='lat' dir='ltr'>Dominus;</span> <span class='ocrx_word' id='word_1_177' title='bbox 601 2941 738 3005; x_wconf 89' lang='lat' dir='ltr'>Caelum</span> <span class='ocrx_word' id='word_1_178' title='bbox 761 2941 859 3004; x_wconf 88' lang='lat' dir='ltr'>sedes</span> <span class='ocrx_word' id='word_1_179' title='bbox 882 2960 970 3018; x_wconf 93' lang='lat' dir='ltr'>mea,</span> <span class='ocrx_word' id='word_1_180' title='bbox 986 2949 1021 3005; x_wconf 91' lang='lat' dir='ltr'>et</span> <span class='ocrx_word' id='word_1_181' title='bbox 1043 2949 1136 3004; x_wconf 89' lang='lat' dir='ltr'>terra</span> <span class='ocrx_word' id='word_1_182' title='bbox 1160 2960 1236 3004; x_wconf 90' lang='lat' dir='ltr'>sca·</span> <span class='ocrx_word' id='word_1_183' title='bbox 1250 2958 1285 3002; x_wconf 62' lang='lat'>2⁵,</span> 
     </span>
     <span class='ocr_line' id='line_1_27' title="bbox 287 3040 1236 3123; baseline -0.001 -18"><span class='ocrx_word' id='word_1_184' title='bbox 287 3040 414 3105; x_wconf 90' lang='lat' dir='ltr'>bellum</span> <span class='ocrx_word' id='word_1_185' title='bbox 429 3041 554 3123; x_wconf 91' lang='lat' dir='ltr'>pedum</span> <span class='ocrx_word' id='word_1_186' title='bbox 571 3061 725 3105; x_wconf 88' lang='lat' dir='ltr'>meorum</span> <span class='ocrx_word' id='word_1_187' title='bbox 741 3048 804 3104; x_wconf 86' lang='lat' dir='ltr'>est.</span> <span class='ocrx_word' id='word_1_188' title='bbox 844 3040 932 3118; x_wconf 85' lang='lat' dir='ltr'>Quae</span> <span class='ocrx_word' id='word_1_189' title='bbox 947 3042 1015 3105; x_wconf 89' lang='lat' dir='ltr'>ista</span> <span class='ocrx_word' id='word_1_190' title='bbox 1035 3049 1088 3104; x_wconf 92' lang='lat' dir='ltr'>est</span> <span class='ocrx_word' id='word_1_191' title='bbox 1103 3042 1236 3119; x_wconf 75' lang='lat' dir='ltr'>domna,</span> 
     </span>
     <span class='ocr_line' id='line_1_28' title="bbox 288 3141 1237 3224; baseline 0.002 -21"><span class='ocrx_word' id='word_1_192' title='bbox 288 3159 391 3222; x_wconf 93' lang='lat' dir='ltr'>quam</span> <span class='ocrx_word' id='word_1_193' title='bbox 415 3141 628 3204; x_wconf 91' lang='lat' dir='ltr'>aedificabitis</span> <span class='ocrx_word' id='word_1_194' title='bbox 651 3141 745 3218; x_wconf 91' lang='lat' dir='ltr'>mihi,</span> <span class='ocrx_word' id='word_1_195' title='bbox 763 3141 890 3222; x_wconf 92' lang='lat' dir='ltr'>etquis</span> <span class='ocrx_word' id='word_1_196' title='bbox 913 3143 978 3205; x_wconf 89' lang='lat' dir='ltr'>erit</span> <span class='ocrx_word' id='word_1_197' title='bbox 1000 3143 1096 3205; x_wconf 91' lang='lat' dir='ltr'>locus</span> <span class='ocrx_word' id='word_1_198' title='bbox 1111 3143 1237 3224; x_wconf 92' lang='lat' dir='ltr'>quietis</span> 
     </span>
     <span class='ocr_line' id='line_1_29' title="bbox 288 3241 1238 3320; baseline 0.002 -17"><span class='ocrx_word' id='word_1_199' title='bbox 288 3243 398 3305; x_wconf 76' lang='lat' dir='ltr'>meaa?</span> <span class='ocrx_word' id='word_1_200' title='bbox 451 3241 577 3305; x_wconf 89' lang='lat' dir='ltr'>Omnia</span> <span class='ocrx_word' id='word_1_201' title='bbox 605 3241 680 3305; x_wconf 88' lang='lat' dir='ltr'>haec</span> <span class='ocrx_word' id='word_1_202' title='bbox 709 3261 832 3305; x_wconf 87' lang='lat' dir='ltr'>manus</span> <span class='ocrx_word' id='word_1_203' title='bbox 860 3261 936 3305; x_wconf 88' lang='lat' dir='ltr'>mea</span> <span class='ocrx_word' id='word_1_204' title='bbox 958 3241 1051 3320; x_wconf 84' lang='lat' dir='ltr'>fecit,</span> <span class='ocrx_word' id='word_1_205' title='bbox 1081 3250 1116 3307; x_wconf 90' lang='lat' dir='ltr'>et</span> <span class='ocrx_word' id='word_1_206' title='bbox 1144 3242 1238 3306; x_wconf 84' lang='lat' dir='ltr'>sacta</span> 
     </span>
     <span class='ocr_line' id='line_1_30' title="bbox 288 3341 1238 3425; baseline 0.003 -22"><span class='ocrx_word' id='word_1_207' title='bbox 288 3349 370 3406; x_wconf 88' lang='lat' dir='ltr'>sunt</span> <span class='ocrx_word' id='word_1_208' title='bbox 396 3343 559 3407; x_wconf 89' lang='lat' dir='ltr'>universa</span> <span class='ocrx_word' id='word_1_209' title='bbox 589 3343 668 3419; x_wconf 90' lang='lat' dir='ltr'>ista,</span> <span class='ocrx_word' id='word_1_210' title='bbox 699 3342 782 3406; x_wconf 93' lang='lat' dir='ltr'>dicit</span> <span class='ocrx_word' id='word_1_211' title='bbox 810 3342 992 3408; x_wconf 78' lang='lat' dir='ltr'>Dominus</span> <span class='ocrx_word' id='word_1_212' title='bbox 1044 3341 1102 3407; x_wconf 89' lang='lat' dir='ltr'>Ad</span> <span class='ocrx_word' id='word_1_213' title='bbox 1136 3363 1238 3425; x_wconf 93' lang='lat' dir='ltr'>quem</span> 
     </span>
     <span class='ocr_line' id='line_1_31' title="bbox 289 3443 1285 3525; baseline -0.009 -16"><span class='ocrx_word' id='word_1_214' title='bbox 289 3449 404 3509; x_wconf 84' lang='grc'><strong>1111011</strong></span> <span class='ocrx_word' id='word_1_215' title='bbox 420 3444 597 3525; x_wconf 88' lang='lat' dir='ltr'>aspiciam,</span> <span class='ocrx_word' id='word_1_216' title='bbox 610 3444 676 3506; x_wconf 91' lang='lat' dir='ltr'>nisi</span> <span class='ocrx_word' id='word_1_217' title='bbox 690 3443 734 3505; x_wconf 89' lang='lat' dir='ltr'>ad</span> <span class='ocrx_word' id='word_1_218' title='bbox 748 3443 995 3525; x_wconf 90' lang='lat' dir='ltr'>pauperculum</span> <span class='ocrx_word' id='word_1_219' title='bbox 1006 3451 1041 3507; x_wconf 91' lang='grc'>01</span> <span class='ocrx_word' id='word_1_220' title='bbox 1052 3444 1238 3507; x_wconf 89' lang='lat' dir='ltr'>contritum</span> <span class='ocrx_word' id='word_1_221' title='bbox 1253 3456 1285 3500; x_wconf 85' lang='lat' dir='ltr'>ao</span> 
     </span>
     <span class='ocr_line' id='line_1_32' title="bbox 288 3543 1237 3624; baseline 0.002 -20"><span class='ocrx_word' id='word_1_222' title='bbox 288 3543 412 3624; x_wconf 91' lang='lat' dir='ltr'>spiritu</span> <span class='ocrx_word' id='word_1_223' title='bbox 435 3551 469 3608; x_wconf 93' lang='lat' dir='ltr'>et</span> <span class='ocrx_word' id='word_1_224' title='bbox 492 3550 694 3607; x_wconf 88' lang='lat' dir='ltr'>trementem</span> <span class='ocrx_word' id='word_1_225' title='bbox 709 3563 884 3607; x_wconf 88' lang='lat' dir='ltr'>sermones</span> <span class='ocrx_word' id='word_1_226' title='bbox 907 3546 1028 3607; x_wconf 73' lang='lat' dir='ltr'>meos?</span> <span class='ocrx_word' id='word_1_227' title='bbox 1081 3543 1151 3621; x_wconf 84' lang='lat' dir='ltr'>Qui</span> <span class='ocrx_word' id='word_1_228' title='bbox 1173 3545 1237 3606; x_wconf 93' lang='lat' dir='ltr'>im-</span> 
     </span>
     <span class='ocr_line' id='line_1_33' title="bbox 287 3643 1239 3725; baseline 0.002 -21"><span class='ocrx_word' id='word_1_229' title='bbox 287 3643 395 3705; x_wconf 90' lang='lat' dir='ltr'>molat</span> <span class='ocrx_word' id='word_1_230' title='bbox 423 3644 557 3719; x_wconf 89' lang='lat' dir='ltr'>bovem,</span> <span class='ocrx_word' id='word_1_231' title='bbox 583 3643 683 3724; x_wconf 88' lang='lat' dir='ltr'>quasi</span> <span class='ocrx_word' id='word_1_232' title='bbox 708 3644 768 3724; x_wconf 93' lang='lat' dir='ltr'>qui</span> <span class='ocrx_word' id='word_1_233' title='bbox 799 3643 985 3706; x_wconf 89' lang='lat' dir='ltr'>interficiat</span> <span class='ocrx_word' id='word_1_234' title='bbox 1013 3644 1145 3722; x_wconf 83' lang='lat' dir='ltr'>virum3</span> <span class='ocrx_word' id='word_1_235' title='bbox 1179 3645 1239 3725; x_wconf 94' lang='lat' dir='ltr'>qui</span> 
     </span>
     <span class='ocr_line' id='line_1_34' title="bbox 287 3743 1239 3826; baseline 0.004 -23"><span class='ocrx_word' id='word_1_236' title='bbox 287 3748 418 3804; x_wconf 90' lang='lat' dir='ltr'>mactat</span> <span class='ocrx_word' id='word_1_237' title='bbox 441 3762 558 3824; x_wconf 78' lang='lat' dir='ltr'>pecuS,</span> <span class='ocrx_word' id='word_1_238' title='bbox 582 3743 682 3824; x_wconf 86' lang='lat' dir='ltr'>quasi</span> <span class='ocrx_word' id='word_1_239' title='bbox 707 3744 767 3824; x_wconf 94' lang='lat' dir='ltr'>qui</span> <span class='ocrx_word' id='word_1_240' title='bbox 792 3745 991 3806; x_wconf 87' lang='lat' dir='ltr'>excerebret</span> <span class='ocrx_word' id='word_1_241' title='bbox 1013 3763 1155 3822; x_wconf 81' lang='lat' dir='ltr'>eanem3</span> <span class='ocrx_word' id='word_1_242' title='bbox 1180 3745 1239 3826; x_wconf 93' lang='lat' dir='ltr'>qui</span> 
     </span>
     <span class='ocr_line' id='line_1_35' title="bbox 288 3840 1240 3925; baseline 0.004 -22"><span class='ocrx_word' id='word_1_243' title='bbox 288 3840 387 3904; x_wconf 88' lang='lat' dir='ltr'>offert</span> <span class='ocrx_word' id='word_1_244' title='bbox 410 3842 630 3919; x_wconf 87' lang='lat' dir='ltr'>oblationem,</span> <span class='ocrx_word' id='word_1_245' title='bbox 658 3845 757 3924; x_wconf 89' lang='lat' dir='ltr'>quasi</span> <span class='ocrx_word' id='word_1_246' title='bbox 787 3845 846 3925; x_wconf 89' lang='lat' dir='ltr'>qui</span> <span class='ocrx_word' id='word_1_247' title='bbox 872 3845 1076 3925; x_wconf 85' lang='lat' dir='ltr'>sanguinem</span> <span class='ocrx_word' id='word_1_248' title='bbox 1100 3843 1240 3907; x_wconf 90' lang='lat' dir='ltr'>suillum</span> 
     </span>
    </p>
   </div>
   <div class='ocr_carea' id='block_1_3' title="bbox 504 4164 1015 4232">
    <p class='ocr_par' dir='ltr' id='par_1_3' title="bbox 504 4164 1015 4232">
     <span class='ocr_line' id='line_1_36' title="bbox 504 4164 1015 4232; baseline 0.008 -18"><span class='ocrx_word' id='word_1_249' title='bbox 504 4164 525 4195; x_wconf 73' lang='lat'>²⁰</span> <span class='ocrx_word' id='word_1_250' title='bbox 542 4168 583 4216; x_wconf 81' lang='lat' dir='ltr'>Vrc</span> <span class='ocrx_word' id='word_1_251' title='bbox 595 4170 636 4230; x_wconf 84' lang='lat' dir='ltr'>qui</span> <span class='ocrx_word' id='word_1_252' title='bbox 650 4205 655 4218; x_wconf 92' lang='lat'>.</span> <span class='ocrx_word' id='word_1_253' title='bbox 668 4205 673 4217; x_wconf 91' lang='lat'>.</span> <span class='ocrx_word' id='word_1_254' title='bbox 688 4206 693 4218; x_wconf 91' lang='lat'>.</span> <span class='ocrx_word' id='word_1_255' title='bbox 707 4170 823 4217; x_wconf 82' lang='lat' dir='ltr'>delectata</span> <span class='ocrx_word' id='word_1_256' title='bbox 835 4171 892 4232; x_wconf 71' lang='grc'><strong>001]</strong></span> <span class='ocrx_word' id='word_1_257' title='bbox 914 4171 968 4218; x_wconf 88' lang='lat' dir='ltr'>Om.</span> <span class='ocrx_word' id='word_1_258' title='bbox 986 4170 1015 4218; x_wconf 92' lang='lat' dir='ltr'>V.</span> 
     </span>
    </p>
   </div>
   <div class='ocr_carea' id='block_1_4' title="bbox 0 0 1493 4884">
    <p class='ocr_par' dir='ltr' id='par_1_4' title="bbox 0 0 1493 4884">
     <span class='ocr_line' id='line_1_37' title="bbox 0 0 1493 4884; baseline 0 0"><span class='ocrx_word' id='word_1_259' title='bbox 0 0 1493 4884; x_wconf 95' lang='lat' dir='ltr'> </span> 
     </span>
    </p>
   </div>
  </div>
 </body>
</html>
