2940 4884
279 423 324 494 76
597 435 769 488 nrrsrona
790 435 928 486 orsum..

214 660 216 665 .
280 604 319 664 to
341 597 541 663 erectiorem
562 595 737 661 incessum
759 592 920 680 pingunt,
943 600 979 661 et
993 590 1128 679 dudum
1140 612 1240 660 sum-³

280 700 420 771 mitates
453 696 623 768 montium
656 695 911 780 conspicantes
943 714 1036 763 nuuc
1068 701 1169 761 recte⁴
1190 695 1236 761 ad

280 799 418 864 aethera
435 799 493 864 vel
514 797 559 862 ad
582 814 718 862 summa
738 797 881 861 nubium
902 795 1043 874 vellera,
1068 795 1236 862 luminum

281 899 593 965 semidormitantes
615 897 707 962 acies
721 897 862 976 librant,
885 915 927 961 ae
941 915 1018 983 sese
1032 915 1126 964 nova
1138 916 1241 982 qnae-¹⁴

281 1000 362 1065 dam
385 999 570 1085 plasmata,
594 999 664 1063 imo
686 997 858 1064 diabolica
876 1016 1032 1080 organa,
1058 1004 1100 1064 ut
1124 1017 1235 1082 quou-
1252 1020 1281 1066 vo

280 1100 361 1172 dam
403 1100 566 1167 Novatus
602 1098 739 1177 Romae,
781 1096 975 1165 Dominicae
1015 1098 1245 1183 conculcator

281 1201 479 1285 margaritae
508 1218 635 1284 porcus
663 1199 773 1283 niger,
802 1199 925 1284 patriae
953 1199 1130 1283 ingerunt,
1152 1199 1243 1265 aio*
1327 1225 1329 1228 ’

280 1301 392 1366 lenter
416 1318 540 1366 manus
562 1319 633 1366 non
654 1305 728 1364 tam
749 1299 1002 1366 venerabilibus
1025 1299 1108 1380 aris,
1130 1316 1238 1384 quam
1408 1310 1415 1323 '

281 1401 429 1467 flammis
446 1401 573 1466 inferni
593 1400 786 1480 ultricibus,
807 1399 950 1483 dignas„
966 1400 1010 1465 in*
1018 1400 1083 1466 tali
1096 1400 1237 1469 schema

280 1501 630 1586 positisacrosauctis
645 1499 776 1567 Christi
788 1501 967 1567 sacrificiis
979 1502 1172 1570 extensuri.-
1247 1520 1288 1575 la

186 1668 189 1669 ⁷
286 1659 288 1661 ,
333 1601 420 1686 §68.
444 1600 537 1682 Quid
564 1608 617 1682 tu,
646 1600 770 1666 infelix
799 1601 939 1686 popule,
967 1620 990 1665 a
1017 1601 1172 1683 talibus?
1193 1611 1242 1671 ut.

281 1701 370 1767 dixit
384 1700 588 1787 Apostolus,
603 1701 724 1768 bestiis
736 1702 867 1767 ventris
875 1701 1112 1786 praestolaris?
1165 1701 1253 1774 Ha.-

280 1821 325 1869 ue
341 1803 536 1888 corrigeris
558 1802 979 1887 quiseipsosnon‘modo·
998 1803 1044 1868 ad
1058 1805 1151 1870 bona
1163 1820 1239 1873 nom

279 1902 442 1983 invitant,
456 1902 518 1969 sed
533 1902 722 1992 secundnm
736 1902 917 1988 prophetae
930 1905 1237 1988 exprobrationem

279 2003 440 2076 laborant
466 2010 506 2070 ut
533 2004 652 2088 inique
682 2006 817 2087 agant?
868 2004 1015 2071 Talibus
1050 2026 1095 2071 ne
1122 2007 1233 2073 oculis
1246 2023 1286 2075 ra
1325 2072 1329 2081 ,

278 2103 518 2195 illustraberis
541 2105 601 2188 qui
623 2104 699 2170 haec
720 2111 862 2173 tantum>
879 2104 980 2172 avide
997 2091 1238 2190 speculantum,
1263 2101 1265 2104 ’

279 2224 358 2288 quae
387 2206 539 2289 proclive
568 2205 675 2284 vitiis,
701 2203 737 2269 id
765 2213 830 2284 est,
857 2206 999 2292 Tartari
1020 2208 1142 2291 portis,
1168 2208 1266 2274 due⁴

278 2307 392 2372 canti.
437 2305 507 2372 Vel
524 2313 625 2396 >certe
652 2306 842 2371 secundum
870 2306 1064 2373 Salvatoria
1088 2309 1233 2388 dictum3

278 2407 309 2470 si
334 2407 513 2484 nonistos
534 2405 777 2491 rapacissimos
798 2414 839 2474 ut
862 2405 1002 2473 Arabiae
1023 2408 1138 2493 lupos,
1159 2410 1234 2476 acsi
1356 2484 1358 2486 ,

278 2505 370 2571 Loth
398 2507 443 2572 ad
472 2514 636 2586 montem,
666 2507 807 2591 igneum
835 2506 1062 2574 Sodomorum
1088 2511 1283 2577 imbremaa

276 2626 495 2692 praepropere
509 2609 679 2691 fugeritis
701 2610 785 2672 caeci
807 2608 922 2675 educti
944 2629 966 2674 a
987 2611 1088 2676 caecis
1102 2613 1233 2695 pariter

276 2707 313 2771 in
327 2708 452 2774 inferni
466 2709 603 2775 foveam
617 2709 759 2774 cadetis,

115 2822 261 2864 Admonuhed
329 2809 415 2894 §69.
439 2810 506 2875 Sed
522 2811 667 2875 forsitan
691 2811 816 2893 aliquis
834 2810 939 2889 dicat,
963 2812 1097 2876 nonita
1112 2832 1231 2878 omnes

114 2874 141 2922 by
151 2874 259 2924 exemplet

114 2923 265 3015 {mattae
277 2909 430 2993 episcopi
452 2929 513 2974 seu
530 2911 723 2994 presbyteri
738 2919 777 2976 ut
800 2912 957 2995 superius
982 2913 1231 2997 comprehensi,

277 3029 360 3091 qma
376 3031 447 3074 non
462 3011 669 3088 schismatis,
693 3032 763 3075 non
786 3013 969 3095 superbiae,
990 3034 1061 3078 non
1082 3014 1230 3080 immun·
1243 3041 1278 3088 25

277 3109 384 3188 ditiae,
395 3110 539 3175 infamia
549 3112 780 3190 maculantur,
795 3114 876 3177 mali
887 3121 980 3191 sunt,
992 3115 1084 3197 quod
1098 3135 1161 3180 nec
1171 3137 1230 3181 ve-

276 3210 452 3276 hementer
466 3218 501 3276 et
514 3232 579 3277 nos
595 3211 789 3278 diffitemur.
827 3214 894 3278 Sed
911 3214 992 3280 licet
1007 3217 1155 3279 sciamus
1170 3237 1230 3281 eos

277 3320 394 3377 castos
420 3333 496 3377 esse
521 3322 556 3379 et
581 3316 703 3391 bonoS,
727 3315 879 3380 breviter
904 3322 1021 3380 tamen
1043 3318 1230 3400 responde·

273 3414 398 3480 bimus.
451 3413 544 3493 Quid
566 3414 697 3498 prosuit
712 3414 797 3480 Heli
819 3416 1002 3498 sacerdoti,
1018 3419 1110 3500 quod
1133 3419 1228 3483 solus
1330 3490 1333 3495 ,

311 3676 321 3705 ⁴
338 3679 465 3743 Libona]
482 3682 512 3731 V.
522 3696 529 3742 ;
540 3683 657 3744 liberant,
669 3684 703 3734 B.
801 3681 811 3712 ⁶
830 3687 1010 3751 Cantabrica]
1030 3687 1075 3750 V.;
1086 3689 1230 3753 mulctator,

311 3745 321 3775 ⁶
339 3744 472 3818 Noenum]
485 3753 602 3802 Novatus
619 3754 661 3802 the
678 3755 738 3804 Car·
766 3757 800 3805 Β.

274 3819 407 3882 thaginian
426 3827 551 3882 opponent
573 3823 602 3872 of
618 3824 739 3886 cyprian,
801 3822 811 3854 ⁷
828 3826 947 3890 Patria]
960 3828 1066 3888 Paritae,
1078 3829 1112 3878 B.

275 3890 424 3939 afterwards
443 3905 460 3939 a
478 3894 589 3942 resident
605 3898 631 3942 at
651 3896 739 3957 Rome,
800 3892 810 3924 ⁹
826 3897 966 3961 Flammis]
978 3899 1085 3961 fluviis,
1097 3900 1132 3951 B.

275 3976 329 4009 was
347 3961 390 4010 the
410 3961 500 4010 author
518 3962 547 4012 of
559 3979 591 4012 an
609 3965 738 4014 extensive
799 3963 810 3996 ⁴
828 3967 952 4031 Schema]
964 3969 1054 4032 Seena,
1065 3970 1099 4021 B.

274 4032 367 4081 schism
379 4032 406 4079 in
413 4031 455 4081 the
462 4033 530 4081 third
542 4039 656 4096 century.
690 4037 737 4085 See
800 4034 820 4066 ¹²
837 4038 988 4103 Apostolus]
1000 4041 1050 4090 Tit.
1063 4041 1080 4090 i.
1094 4045 1134 4092 12.

274 4103 362 4152 Natal.
379 4102 507 4154 Alexand.
526 4104 595 4156 Hist.
613 4107 684 4157 Eccl.
702 4108 736 4157 ri.
800 4105 819 4134 ¹⁴
838 4110 971 4173 Invitant]
984 4110 1135 4174 invitantur,
1146 4113 1180 4164 B.

273 4176 314 4236 12,
326 4174 387 4222 edit.
400 4177 473 4225 1786,
799 4175 818 4205 ¹⁴
835 4179 986 4242 Propheta]
1002 4180 1053 4231 Ier.
1066 4183 1101 4232 ix.
1114 4188 1139 4233 6.

797 4245 818 4278 ²⁴
836 4251 1027 4315 Conpetitori]
1040 4253 1180 4316 Excepisti,
1196 4253 1232 4306 V.
