2940 4884
508 430 680 478 crissoni
703 430 834 477 cinon.
1107 414 1151 478 59

197 591 383 666 vcbuntur,
408 596 444 653 et
467 609 537 653 non
559 596 742 672 poterunt3
774 589 1004 654 intumescent
1028 589 1152 654 fluctus

199 690 287 774 cjuS,
302 696 338 753 et
352 709 422 753 non
437 690 634 754 transibunt
648 690 743 754 illud.
790 690 927 773 Populo
942 697 1058 754 autem
1073 689 1153 754 huic

192 791 330 863 iactum
354 797 408 854 est
430 808 489 852 cor
510 790 722 853 incredulum
747 798 782 854 et
803 809 1027 873 exasperans,
1041 809 1153 853 reces-

200 897 319 954 serunt
337 897 372 954 et
388 890 557 968 abierunt,
573 898 609 955 et
631 911 701 955 non
723 891 887 955 dixerunt
901 890 938 954 in
953 891 1055 954 corde
1077 910 1153 968 suo,

172 998 392 1054 metuamus
409 990 597 1054 Dominum
611 991 724 1055 Deum
740 999 908 1055 nostrum.
954 991 1002 1054 Et
1016 992 1154 1068 iterum,

202 1090 295 1169 Quia
305 1091 438 1155 inventi
450 1098 533 1154 sunt
546 1092 583 1154 in
598 1092 725 1174 populo
736 1111 812 1155 mco
828 1091 936 1173 impii,
951 1091 1154 1155 insidiantes

200 1191 300 1273 quasi
324 1209 486 1273 aucupes,
509 1192 653 1273 laqueos
682 1198 851 1274 ponentes
880 1197 916 1254 et
940 1190 1079 1272 pedicas
1110 1191 1153 1254 ad

200 1291 386 1374 capiendos
418 1292 522 1356 viros
563 1291 677 1354 sicut
705 1291 865 1374 decipula
889 1291 994 1373 plena
1021 1291 1154 1369 avibus,

202 1391 252 1455 sic
275 1391 396 1454 domus
420 1392 668 1473 eorum-plenae
689 1391 780 1455 dolo.
833 1390 918 1454 Ideo
942 1391 1156 1473 magnificati

158 1498 285 1562 10sunt
308 1498 343 1554 et
368 1490 482 1567 ditati,
509 1490 692 1555 incrassati
715 1498 855 1554 suntet
879 1490 1097 1573 impinguati,
1121 1497 1156 1555 et

200 1591 444 1675 praeterierunt
457 1606 740 1655 sermonesmeos
754 1591 921 1674 pessime3
937 1610 1076 1654 causam
1091 1611 1156 1673 pu-

201 1692 278 1775 pilli
291 1711 362 1754 non
377 1691 551 1768 dixerunt,
565 1698 602 1755 et
611 1691 781 1775 judicium
795 1710 985 1774 pauperum
1009 1710 1079 1754 non
1096 1690 1156 1774 ju·

203 1792 417 1855 dicaverunt.
444 1789 479 1854 N
481 1790 612 1873 unquid
624 1809 729 1874 super
742 1791 796 1855 his
813 1810 884 1854 non
897 1789 1059 1868 visitabo,
1073 1790 1156 1854 dicit

116 1968 122 1980 θ
204 1891 400 1955 Dominus?
424 1898 613 1974 autsuper
626 1898 765 1974 gentem
788 1890 985 1975 hujusmodi
1008 1909 1078 1954 non
1102 1891 1156 1953 ul-

160 2016 190 2060 15
204 1993 351 2055 ciscetur
367 1991 597 2055 animameal
630 2028 632 2034 ·

253 2091 273 2175 ᾗ
287 2092 342 2155 49.
366 2091 434 2155 Sed
459 2092 550 2154 absit
570 2097 610 2155 ut
635 2090 733 2155 vobis
759 2090 897 2154 eveniat
920 2091 1011 2172 quod
1037 2091 1157 2154 subsc·

204 2192 332 2274 quitur.
345 2237 348 2241 ,
384 2191 552 2273 Loqueris
567 2191 610 2255 ad
627 2209 686 2255 eos
701 2190 817 2254 omnia
828 2191 936 2254 verba
948 2190 1023 2254 haec
1038 2197 1074 2254 et
1088 2211 1158 2255 non

205 2290 346 2355 audient
362 2298 415 2368 tc,
429 2298 477 2354 ‘ct
502 2291 643 2357 vocabis
669 2310 728 2354 eos
752 2297 787 2354 ct
808 2310 879 2355 non
902 2291 1158 2372 respondebunt

205 2390 280 2468 tibi,
296 2398 331 2455 et
344 2391 436 2454 dices
457 2391 501 2454 ad
524 2410 596 2469 eos,
612 2390 703 2455 Haec
724 2396 778 2454 est
792 2409 890 2472 gens,
905 2410 983 2473 quae
999 2410 1070 2455 non
1095 2410 1157 2454 au-

160 2513 193 2560 m
206 2491 294 2555 divit
307 2511 426 2556 vocem
441 2491 583 2555 Domini
598 2491 666 2555 Dci
686 2491 752 2568 sui,
770 2510 834 2555 nec
853 2490 983 2574 recepit
1005 2490 1158 2574 discipli-

206 2609 299 2669 nam,
313 2591 417 2674 periit
429 2590 525 2670 fides,
540 2598 576 2655 et
591 2592 709 2655 ablata
723 2598 778 2654 est
791 2591 836 2655 de·
848 2611 907 2656 ore
929 2611 1058 2655 eorum.
1111 2591 1158 2656 Et

206 2699 287 2774 post
309 2693 499 2775 aliquanta,
516 2691 684 2774 Nunquid
698 2692 758 2773 qui
771 2692 875 2768 cadit,
890 2711 961 2755 non
973 2694 1157 2773 resurget?

176 2851 182 2857 .
208 2792 316 2876 etqui
335 2811 478 2857 aversus
501 2799 565 2870 est,
580 2812 651 2856 non
668 2785 883 2856 revc'r'teturl
937 2790 1053 2869 Quare
1076 2811 1159 2873 crgo

207 2911 350 2956 aversus
371 2899 426 2956 cst
448 2894 595 2976 populus
613 2892 686 2956 >iste
710 2891 957 2955 inJonrsalem
980 2891 1160 2956 aversione

162 3018 193 3064 ns
208 2993 447 3057 contentiosal
511 2991 824 3077 Apprehenderuut
858 2992 1086 3070 mendacium,
1125 2999 1161 3058 ot

207 3095 393 3158 noluerunt
417 3095 554 3158 reverti.
607 3091 754 3158 Attendi
773 3100 807 3157 ct
827 3093 1034 3170 auscultavi,
1058 3113 1160 3157 nemo

208 3194 299 3276 quod
322 3196 450 3258 bonum
474 3201 528 3258 est
550 3195 713 3275 loquitur.
766 3193 895 3257 Nullus
921 3200 975 3257 est
997 3193 1057 3276 qui
1077 3200 1160 3274 agat

206 3295 448 3376 poenitentiam
463 3314 567 3377 super
583 3300 725 3376 peccato
740 3313 804 3356 suo
818 3293 947 3370 dicens,
967 3293 1050 3376 quid
1069 3292 1158 3357 fecit

210 3388 349 3456 Omnes¹
368 3394 525 3458 conversi
560 3387 722 3458 suntad
754 3408 891 3455 cursum
918 3413 1031 3469 suum,
1061 3394 1161 3475 quasi

164 3516 196 3561 ao
209 3513 318 3576 equus
344 3494 476 3575 impetu
502 3492 633 3557 vadens
660 3494 697 3556 in
726 3493 899 3575 proelium.
963 3491 1094 3555 Milvus
1124 3493 1161 3554 in

210 3594 299 3658 coelo
322 3593 487 3674 cognovit
510 3600 646 3675 tempus
668 3611 781 3669 suum,
811 3599 926 3656 turtur
950 3599 985 3655 et
1014 3592 1161 3656 hirundo

211 3701 246 3758 ct
266 3694 399 3758 ciconia
416 3694 652 3758 custodierunt
671 3700 807 3775 tempus
825 3692 996 3757 adventus
1016 3692 1081 3770 sui,
1098 3712 1161 3774 po·

210 3796 316 3877 pulus
346 3813 442 3858 meus
483 3814 553 3858 non
587 3795 751 3876 cognovit
772 3793 941 3877 judicium
974 3793 1053 3857 Dei.
1114 3792 1161 3858 Et

211 3902 282 3959 tam
297 3894 492 3959 vehementi
506 3895 763 3977 sacrilegiorum
779 3894 935 3958 caecitatc
949 3900 984 3957 et
997 3892 1162 3956 ineffabili

166 4016 197 4062 rs
212 3997 377 4059 ebrietate
397 3995 574 4078 propheta
604 3995 823 4072 conterritus,
860 4002 897 4059 et
929 3993 1058 4057 deflens
1090 4012 1162 4070 eos,

246 4221 267 4255 ³⁴
285 4223 366 4287 Tum]
385 4223 506 4287 CurmBr
581 4238 584 4244 ¹
674 4217 686 4290 1
736 4218 757 4261 ³⁵-
770 4219 1163 4286 Conterritaa.]Conterritur,B.
