2940 4884
563 442 734 490 urrsronn
757 443 887 490 eruum.
1157 427 1200 491 93

300 596 384 682 §84
408 597 501 677 Quid
516 599 620 662 etiam
634 607 776 663 sauctus
795 599 885 664 Osee
899 599 1070 682 propbeta
1086 621 1199 665 sacer·
1213 626 1291 673 noua

248 696 387 761 dotibus
400 699 507 764 vestri
529 699 659 763 moduli
672 699 800 764 dixerit
813 700 1003 782 signanter,
1019 702 1199 780 attendite.

249 795 378 862 Audite
402 799 477 863 haec
498 800 693 863 sacerdotes
715 806 751 864 et
771 800 930 864 intendat
944 800 1065 864 domus
1090 801 1201 866 Israel

249 905 285 961 et
308 899 428 962 domus
453 900 556 981 regis,
576 899 710 981 infigite
734 900 873 962 auribus
887 901 1024 978 vestriS,
1037 902 1200 984 quoniam

215 1010 234 1066 ,6
250 998 372 1062 advos
393 1008 446 1063 est
463 999 644 1084 judicium,
660 1000 742 1081 quia
763 999 908 1080 laqueus
924 1000 1007 1064 faeti
1023 1002 1106 1065 estis
1121 1021 1200 1084 spe-

249 1098 426 1176 culationi,
440 1106 476 1163 et
490 1099 587 1164 velut
607 1099 787 1163 reticulum
802 1106 985 1186 extensum
1006 1121 1111 1183 super
1132 1103 1199 1165 ita-

249 1199 384 1262 burium
402 1200 495 1281 quod
517 1199 738 1281 indagatores
752 1200 947 1264 venationis
970 1201 1199 1266 confixerunt.

300 1299 318 1382 ξ
333 1299 387 1363 85.
411 1299 522 1364 Vobis
534 1301 639 1363 etiam
655 1319 676 1362 a
690 1299 841 1364 Domino
862 1301 1024 1365 alienatio
1040 1301 1199 1385 hujusce·
1212 1322 1285 1371 lma,

249 1400 342 1463 modi
364 1400 565 1464 intendatur
583 1421 645 1482 per
664 1400 869 1482 prophetam
888 1398 998 1464 Amos
1018 1401 1200 1479 dicentem,

206 1510 237 1564 10
252 1498 341 1564 Odio
351 1499 456 1564 habui
466 1507 501 1564 et
514 1500 624 1582 repuli
641 1499 714 1563 dies
729 1499 837 1565 festos
851 1508 997 1578 vestros,
1011 1508 1047 1566 et
1060 1521 1130 1565 non
1142 1522 1200 1565 ac-

250 1599 375 1682 cipiam
395 1601 535 1666 odorem
549 1601 586 1663 in
599 1600 797 1664 solennibus
820 1601 1106 1666 conventionibus
1122 1622 1200 1667 ves-

250 1699 325 1776 tris,
340 1700 422 1782 quia
437 1707 472 1764 et
486 1701 516 1763 si
529 1700 723 1764 obtuleritis
746 1700 1045 1765 holocaustomata
1062 1709 1098 1767 et
1120 1701 1200 1766 bos-.

250 1799 317 1863 tias
334 1809 466 1864 vestras
486 1820 556 1864 non
575 1800 742 1882 accipiam
758 1820 811 1878 ea,
825 1809 861 1864 et
874 1801 1027 1888 salutare
1045 1801 1200 1865 declara·

250 1899 354 1964 tionis
365 1908 491 1964 vestrae
500 1921 571 1964 non
580 1901 756 1984 aspiciam.
794 1900 961 1964 Transfer
974 1921 996 1964 a
1012 1922 1066 1965 me
1078 1922 1200 1966 sonum

205 2020 236 2065 15
251 2001 450 2065 cantionum
472 2009 622 2079 tuarum,
648 2007 684 2064 et
712 2000 883 2082 psalmum
912 2021 1120 2083 organorum
1144 2010 1202 2066 tu-.

250 2121 348 2165 orum
378 2121 449 2165 non
479 2101 628 2165 audiam.
680 2099 799 2164 Famis
838 2102 964 2164 etenim
997 2101 1201 2187 Evangelici

250 2201 318 2264 cibi
331 2201 446 2265 culina
459 2202 536 2285 ipsa
551 2209 677 2265 vestrae
692 2201 816 2263 animae
827 2200 961 2265 viscera
973 2202 1205 2269 excomedens.

251 2309 430 2384 grassatur
459 2302 495 2366 in
521 2303 632 2379 tobia,
667 2301 758 2364 sicut
786 2301 1003 2382 supradictus
1031 2300 1202 2384 propheta

249 2402 424 2483 praedixit,
447 2402 549 2487 Ecce,
571 2401 743 2484 inquiens,
764 2401 837 2464 dies
851 2402 1006 2487 veniunt,
1028 2401 1112 2466 dicit
1127 2402 1201 2467 Do÷

204 2515 237 2561 ao
250 2502 375 2579 minuS,
391 2509 426 2566 et
448 2503 602 2566 emittam
618 2500 743 2565 famem
764 2500 801 2564 in
824 2507 963 2579 terram,
984 2521 1054 2565 non
1077 2501 1204 2570 famem

249 2602 361 2684 panis
377 2621 487 2685 neque
511 2602 604 2666 sitim
620 2620 732 2682 aquae,
748 2600 808 2664 sed
824 2601 949 2664 samem
971 2600 1007 2664 in
1030 2601 1201 2666 audiendo

249 2704 392 2766 verbum
408 2702 487 2779 Dei,
503 2709 538 2767 et
560 2702 791 2765 movebuntur
815 2719 915 2782 aquae
940 2720 961 2764 a
983 2702 1069 2764 mari
1092 2721 1205 2783 usque.

250 2802 294 2866 ad
317 2822 424 2881 mare,
440 2811 476 2866 et
491 2803 534 2865 ab
550 2802 712 2885 aquilone
736 2820 846 2882 usque
869 2801 912 2863 ad
936 2800 1101 2865 orientem
1125 2822 1202 2883 per-
1296 2832 1298 2837 ·

250 2911 389 2969 current
412 2910 606 2985 quaerentes
620 2902 764 2968 verbum
778 2901 931 2978 Domini,
955 2908 988 2965 et
1013 2921 1083 2964 non
1105 2903 1202 2966 inve-

203 3021 235 3066 πᾶ
251 3003 360 3067 nient.

302 3103 388 3188 §Sd
417 3102 570 3168 Auribus
595 3123 733 3186 quoque
758 3103 924 3186 percipite
949 3109 1107 3166 sanetum
1133 3101 1202 3166 Mi·
1216 3125 1296 3173 nicar,

250 3203 381 3280 cheam,
397 3224 438 3267 ac
461 3205 490 3267 si
513 3203 689 3267 coelestem
705 3204 879 3286 quandam
894 3205 1013 3268 tubam
1037 3202 1207 3279 adversus,

250 3304 412 3367 subdolos
428 3303 547 3386 populi
562 3304 733 3386 principes
752 3303 923 3367 concisius
946 3310 1202 3384 personantem.

249 3400 379 3466 Audite
402 3422 506 3480 nunc,
530 3403 702 3484 inquiens,
729 3403 901 3484 principes
932 3401 1054 3466 domus
1078 3401 1203 3479 Jacob,

204 3519 236 3564 ao
250 3523 364 3567 nonne
377 3503 475 3567 vobis
500 3509 553 3566 est
572 3509 612 3566 ut
627 3503 844 3584 cognoscatis
863 3496 1032 3584 Jlrdicium
1056 3501 1203 3564 odienti-

248 3605 313 3666 bus
338 3605 441 3680 bona,
471 3609 507 3666 et
532 3603 767 3684 quaerentibus
798 3601 963 3682 maligna,
988 3601 1205 3684 rapientibus.

248 3705 356 3786 pelles
371 3723 489 3768 eorum
516 3704 560 3766 ab
585 3703 646 3780 eis,
662 3710 698 3766 et
712 3713 833 3766 carnes
855 3720 973 3767 eorum
998 3703 1041 3764 ab
1066 3701 1203 3766 ossibus

284 4006 293 4039 ¹
308 4009 390 4072 Ocea]
408 4007 485 4069 Osee,
496 4023 522 4057 v.
533 4011 558 4056 1.
774 4003 793 4036 ¹³
805 4006 936 4056 Salutem.
950 4040 957 4054 .
970 4006 1130 4069 .inveaieat.]
1146 4007 1202 4058 Om.

284 4076 294 4108 ⁶
306 4080 386 4140 Super
398 4113 404 4127 .
418 4114 425 4129 .
439 4113 445 4126 .
458 4071 633 4144 confixerant]
655 4077 710 4126 Om.
743 4077 772 4126 V.

253 4149 283 4199 V.
773 4144 793 4174 ²⁸
804 4146 947 4209 Michera]
960 4145 1041 4195 Mich.
1056 4145 1092 4194 iii.
1106 4148 1130 4207 l,
1139 4150 1184 4194 etc.
1196 4162 1203 4206 ;

284 4215 400 4282 ⁹Arrace]
413 4220 501 4282 Amos,
512 4234 536 4268 v.
545 4222 575 4267 21
587 4233 594 4278 ς
606 4217 660 4268 viii.
670 4221 710 4268 ll.
738 4218 784 4267 vii.
798 4221 822 4267 1.
