2940 4884
344 392 388 458 80
653 410 826 458 umsrom
850 410 979 457 einum.

343 569 486 651 accepi?
540 567 606 632 Cui
634 587 656 632 a
680 568 810 651 populo
838 585 1043 650 responsum
1069 573 1123 631 est
1149 567 1296 649 dicente,

346 669 430 734 Non
445 688 482 734 es
496 669 726 733 calumniatus
742 687 817 746 nos,
834 688 946 751 neque
961 668 1175 750 oppressisti,
1185 689 1296 752 neque

342 770 457 837 tulisti
475 770 517 834 de
532 790 637 834 manu
660 769 807 854 alicujus
828 769 1016 851 quippiam.
1069 766 1158 846 Quis
1177 789 1296 834 eorum

343 871 425 953 igne
448 871 583 935 coelesti
598 877 736 934 centum
758 870 924 952 superbos
947 870 1109 947 exurens
1123 870 1295 953 quinqua-

343 973 444 1054 ginta
458 971 603 1035 humiles
613 977 773 1048 'servans
788 978 823 1034 et
841 972 971 1052 absque
994 969 1203 1035 adulationis
1215 971 1295 1036 fuco
1324 989 1339 1032 5

344 1092 416 1137 non
437 1072 550 1138 Deum
572 1092 635 1155 per
659 1071 860 1154 prophetea,
882 1071 942 1135 sed
969 1071 1099 1135 idolum
1121 1068 1294 1151 Accaron,

344 1173 538 1238 consulenti
560 1181 706 1238 mortem
730 1173 963 1237 imminentem
986 1172 1106 1253 iniquo
1129 1173 1204 1254 regi
1231 1193 1294 1237 an-

344 1275 524 1352 nuncians,
546 1293 665 1338 omnes
686 1273 874 1356 prophetas
898 1272 1096 1338 simulachri
1114 1273 1215 1350 Baal,
1235 1275 1295 1357 qui

343 1374 561 1457 interpretati
589 1375 805 1457 accipiuntur
832 1392 954 1439 sensus
977 1374 1119 1437 humani
1141 1375 1294 1453 invidiae,

344 1476 513 1554 avaritiae,
541 1484 581 1540 ut
604 1476 680 1562 jam
706 1474 870 1552 diximuS,
896 1493 1031 1557 semper
1052 1475 1189 1553 intenti,
1217 1486 1338 1539 mu-10

343 1595 447 1640 crone
461 1596 615 1653 corusco,
628 1576 694 1640 hoc
708 1582 772 1653 est,
788 1577 893 1641 verbo
910 1576 990 1653 Dei,
1004 1582 1044 1639 ut
1057 1574 1182 1640 Helias
1195 1597 1293 1658 egre-

344 1676 422 1757 gius
437 1683 547 1753 vateS,
565 1677 753 1759 prostravit
766 1697 775 1757 ;
799 1683 834 1741 et
851 1675 925 1740 zelo
939 1677 1007 1740 Dei
1021 1683 1212 1741 commotus
1226 1678 1293 1742 ini-

344 1795 490 1857 quorum
512 1784 614 1841 terrae
638 1777 764 1843 imbres
793 1775 947 1841 adimens
975 1776 1168 1855 aetherales
1190 1796 1232 1841 ac
1262 1779 1293 1842 si

342 1874 531 1941 fortissimo
554 1877 689 1960 penurii
716 1877 874 1941 clustello
899 1878 1010 1941 tribus
1038 1877 1139 1941 annis
1161 1897 1293 1963 sexque

342 1978 516 2042 mensibus
544 1979 735 2056 obseratoS,
771 1977 874 2054 fame,
903 1978 973 2056 siti,
1003 1978 1226 2043 moribundus
1256 1981 1292 2043 in
1305 1988 1336 2041 li

342 2077 478 2143 deserto
502 2085 711 2161 conquestus
732 2085 798 2156 est,
827 2077 989 2155 Domine,
1017 2079 1189 2161 inquiens,
1212 2100 1293 2163 pro-

341 2178 465 2260 phetas
478 2167 557 2243 tuos
574 2178 784 2256 occiderunt,
803 2185 837 2243 et
851 2179 976 2242 altaria
991 2185 1053 2243 tua
1068 2180 1293 2259 suffoderunt,

341 2288 378 2342 et
400 2280 632 2362 egorelictus
660 2298 737 2342 sum
763 2278 871 2358 solue,
895 2286 930 2343 et
953 2287 1115 2361 quaerunt
1143 2281 1293 2346 animam

342 2384 476 2445 meaml

366 2480 447 2564 §72
464 2479 552 2559 Quis
567 2501 685 2545 eorum
702 2482 915 2546 carissimum
930 2482 1136 2566 discipulum
1148 2485 1292 2550 terrenis
1303 2498 1337 2545 ao

343 2589 444 2645 extra
461 2581 601 2645 solitum
614 2583 822 2665 ponderibus
845 2591 1037 2661 oneratum,
1052 2606 1130 2667 quae
1147 2594 1227 2651 ante
1250 2607 1292 2650 ea

343 2701 364 2743 a
373 2702 410 2746 se
421 2703 629 2765 magnopere
639 2684 720 2752 licet
729 2691 864 2766 rogato,
878 2692 919 2748 ut
932 2686 1114 2768 acciperet,
1129 2687 1291 2771 despecta

342 2782 498 2861 fuissent,
525 2784 590 2847 etsi
616 2805 686 2847 non
710 2793 877 2867 perpetua
900 2786 1008 2868 lepra,
1033 2794 1071 2850 ut
1102 2787 1289 2866 HelisaeuS,

341 2884 456 2946 saltim
481 2885 696 2966 expulsione,
720 2887 925 2949 mulctavit?
978 2887 1024 2951 Et
1050 2888 1127 2970 quis
1151 2910 1195 2952 ex
1220 2890 1290 2953 illis

341 3004 448 3065 puero
462 2985 499 3047 in
510 2986 591 3048 vitae
605 2986 844 3067 desperatione
858 2987 1032 3065 astuanti,
1049 3008 1090 3051 ac
1103 2989 1290 3073 improviso
1302 3005 1333 3050 25

340 3104 445 3166 super
458 3085 580 3148 bellico
593 3085 742 3150 hostium
767 3096 938 3169 apparatu
952 3088 1139 3167 civitatem,
1162 3092 1198 3153 in
1221 3112 1292 3174 qua

341 3193 450 3263 erant,
465 3186 694 3250 obsidentium
718 3187 919 3252 tremefacto
943 3189 1123 3267 internos,
1147 3200 1185 3256 ut
1207 3192 1289 3270 illae,

339 3286 464 3350 animae
480 3287 587 3364 visus,
602 3287 748 3352 ferventi
771 3290 973 3353 exoratione
996 3289 1039 3353 ad
1056 3291 1169 3354 Deum
1184 3292 1289 3371 facta,

338 3385 388 3450 ita
412 3395 451 3451 ut
471 3387 598 3452 intueri
622 3389 749 3470 poterit
771 3390 990 3454 auxiliarium
1013 3391 1164 3456 coelestis
1190 3414 1288 3458 exer-

338 3487 438 3565 citus,
468 3495 679 3553 armatorum
714 3509 874 3552 curruum
903 3510 966 3553 ceu
997 3493 1150 3573 equitum
1178 3494 1289 3576 ignito
1302 3513 1333 3558 ao

337 3589 437 3652 vultu
467 3588 673 3670 fulgentium
701 3599 853 3654 montem
881 3591 1032 3673 plenum,
1055 3593 1231 3675 patefecit,
1254 3604 1290 3661 et

337 3689 474 3752 credere
502 3690 584 3771 quin
612 3688 733 3755 fortior
760 3699 852 3755 essct
879 3691 923 3755 ad
950 3692 1155 3757 salvandum
1186 3716 1290 3778 quam

372 4009 489 4076 ⁵Absque
506 4048 512 4062 .
531 4048 537 4063 .
560 4049 566 4062 .
584 4008 719 4081 siccarum]
752 4014 798 4074 V.;
862 4013 881 4044 ¹⁶
891 4017 1029 4080 Inpotens]
1047 4022 1059 4066 l
1073 4019 1256 4081 Reg.xix.10.

337 4098 382 4132 om.
395 4083 429 4132 Β.
860 4082 880 4120 ²⁷
893 4088 1060 4151 Tranefucto]
1073 4089 1243 4157 Turmefacto,
1252 4096 1286 4147 B.

372 4150 382 4187 ⁷
396 4154 558 4216 Conspicati]
576 4154 675 4202 Sulenti
687 4151 730 4219 (l),
742 4156 776 4205 Β.
859 4154 879 4187 ²⁹
891 4153 1011 4228 Poterit]
1029 4160 1153 4225 Poterint,
1165 4164 1199 4212 Β.

372 4220 550 4288 ⁸Prophetus.]
568 4225 597 4274 V.
609 4241 616 4286 ς
633 4240 678 4275 om.
692 4227 726 4276 B.
