2940 4884
529 387 701 436 nmsronl
725 387 855 436 eruum.
1122 376 1167 440 87

214 541 304 607 Haec
326 543 411 609 dicit
424 544 596 608 Dominus
612 545 720 624 Deua,
736 544 831 624 Quia
851 547 1052 611 inobediens
1068 547 1165 615 suisti

212 645 264 707 ori
291 643 445 720 Domini,
475 651 510 708 et
540 664 610 709 non
636 646 819 710 custodisti
840 648 1042 711 mandatum
1071 650 1164 732 quod

211 744 377 827 praecepit
392 744 563 808 Dominus
579 745 675 809 Deus
699 753 792 825 tuuS,
815 754 851 811 et
875 767 1033 812 reversus
1056 768 1105 827 es,
1128 758 1163 814 et

211 844 391 908 comedisti
413 863 538 927 panem
558 852 593 909 et
608 846 724 911 bibisti
741 867 868 931 aquam
881 848 918 911 in
934 847 1000 914 hoc
1021 849 1110 927 loeo,
1125 851 1161 914 iu

182 963 197 1006 s
212 964 280 1026 quo
295 944 540 1009 mandaveram
555 946 629 1023 tibi,
644 967 688 1011 ne
710 949 937 1013 manducares
949 968 1075 1031 panem
1097 970 1161 1014 nec

211 1045 345 1109 biberes
366 1064 503 1127 aquam,
518 1064 589 1109 non
611 1055 758 1128 ponetur
779 1067 905 1131 corpus
927 1045 1025 1113 tuum
1046 1050 1084 1112 in
1106 1070 1161 1114 se-

210 1144 354 1226 pulchro
375 1152 514 1227 patrum
536 1153 686 1210 tuorum.
738 1147 786 1212 Et
800 1148 931 1213 factum
953 1156 1018 1227 est,
1034 1149 1159 1233 inquit,

209 1251 394 1328 postquam
423 1246 645 1311 manducavit
672 1266 798 1330 panem
834 1256 870 1313 et
903 1250 988 1314 bibit
1020 1269 1160 1333 aquam,

209 1347 334 1410 stravit
348 1346 415 1410 sibi
432 1347 565 1410 asinam
587 1365 686 1410 suam
708 1355 744 1413 et
765 1349 862 1427 abiit,
876 1356 911 1413 et
925 1349 1059 1415 invenit
1081 1370 1160 1415 eum

165 1461 196 1506 ιο
209 1445 263 1511 leo
277 1447 314 1509 in
329 1447 398 1523 via,
413 1454 448 1511 et
463 1447 589 1511 occidit
603 1467 692 1511 eum.

260 1545 347 1628 578.
371 1546 512 1610 Esaiam
538 1567 676 1630 quoquc
702 1554 861 1612 sanctum
888 1547 1093 1632 prophetam
1115 1548 1308 1648 deffiffi

207 1645 444 1711 sacerdotibus
473 1646 539 1710 hoc
575 1649 677 1712 modo
697 1648 904 1732 loquentem
932 1649 1061 1728 audite,
1090 1649 1158 1715 Vae
1307 1636 1313 1658 ’

206 1745 311 1829 impio
339 1747 375 1810 in
404 1747 545 1828 malum,
573 1749 754 1813 retributio
778 1749 869 1812 enim
895 1767 1060 1813 manuum
1082 1750 1158 1835 eJus

206 1845 267 1911 fiet
280 1847 323 1911 ei.
375 1846 550 1930 Populum
571 1869 686 1912 meum
711 1856 892 1914 exactores
912 1850 967 1913 sui
985 1849 1157 1933 spoliave-

164 1961 193 2010 16
207 1953 300 2024 runt,
324 1954 360 2012 et
382 1947 542 2012 mulieres
564 1948 750 2014 dominatae
775 1957 858 2014 sunt
883 1949 969 2032 ejus
1022 1949 1159 2033 Popule

206 2066 315 2126 meus,
330 2048 390 2130 qui
407 2049 547 2113 beatum
562 2056 598 2113 te
612 2049 743 2128 dicunt,
765 2049 832 2131 ipsi
852 2055 888 2113 te
910 2050 1098 2132 decipiunt,
1121 2058 1157 2115 et

205 2147 300 2211 viam
321 2167 503 2229 gressuum
518 2157 656 2214 tuorum
677 2150 859 2231 dissipant.
910 2148 990 2213 Stat
1004 2149 1048 2213 ad
1060 2148 1156 2234 judi-

206 2248 354 2314 candum
369 2249 552 2328 Dominus,
567 2257 603 2314 et
616 2256 688 2314 stat
705 2249 749 2312 ad
767 2248 975 2332 judicandos
997 2250 1156 2332 populos

208 2343 379 2413 Dominus
402 2350 446 2413 ad
464 2349 633 2432 judicium
647 2351 763 2414 veniet
777 2369 854 2412 cum
874 2350 1015 2413 senibus
1029 2350 1156 2433 *populi

163 2468 199 2515 m
206 2449 261 2512 sui
274 2440 316 2514 et'
324 2450 535 2532 principibus
548 2448 635 2534 ejus.
687 2449 764 2514 Vos
776 2449 912 2532 depasti
926 2450 1009 2514 estis
1019 2450 1157 2515 vineam
1266 2493 1268 2496 >

207 2568 330 2626 meam,
355 2550 479 2632 rapina
500 2550 661 2633 pauperis
683 2550 721 2613 in
742 2550 843 2614 domo
856 2557 985 2615 vestra.
1038 2548 1158 2628 Quare

206 2649 356 2713 atteritis
388 2650 554 2732 populum
590 2652 730 2714 meuml
768 2656 804 2714 et
830 2648 936 2714 facies
966 2669 1157 2733 pauperum

207 2749 437 2815 commolitis?
451 2748 536 2814 dicit
550 2750 721 2814 Dominus
736 2749 961 2815 exercituum.
1001 2749 1048 2813 Et
1061 2750 1156 2827 item,

207 2848 287 2927 Vae,
303 2851 362 2932 qui
384 2849 538 2915 condunt
552 2850 647 2932 leges
670 2850 819 2933 iniquaS,
834 2857 871 2913 et
891 2851 1080 2914 scribentes
1103 2849 1157 2912 in-

161 2966 193 3012 ae
202 2947 376 3032 justitiam
405 2951 629 3033 scripserunt,
652 2956 692 3014 ut
714 2951 946 3033 opprimerent
967 2950 1004 3013 in
1024 2949 1157 3034 judicio

206 3069 388 3133 pauperae,
403 3059 439 3116 et
452 3052 522 3116 vim
537 3050 691 3116 facerent
706 3071 820 3114 causae
840 3050 1019 3114 humilium
1037 3049 1158 3133 populi

206 3151 286 3228 mei,
312 3158 352 3214 ut
373 3159 491 3216 essent
513 3152 628 3216 viduae
651 3151 770 3234 praeda
793 3171 924 3229 eorum,
947 3157 983 3215 et
1007 3149 1157 3233 pupillos

206 3249 405 3332 diriperent.
457 3250 551 3330 Quid
581 3251 715 3316 facietis
742 3252 779 3314 in
803 3252 858 3315 die
880 3250 1090 3317 visitationis
1121 3256 1158 3313 et

207 3350 415 3414 calamitatis
429 3351 471 3414 de
485 3351 588 3433 longe
603 3351 799 3416 venientis?
851 3351 899 3414 Et
912 3349 1014 3426 infra,
1024 3348 1157 3413 Verum

160 3466 193 3511 eo
207 3450 243 3514 bi
272 3470 408 3532 quoque
434 3470 507 3532 prae
536 3452 618 3516 vino
648 3450 856 3527 nescierunt,
885 3468 959 3532 prae
990 3449 1157 3513 ebrietate

207 3557 420 3628 erraverunt,
444 3550 641 3614 sacerdotes
665 3551 861 3615 nescierunt
882 3569 955 3633 prae
978 3548 1157 3626 ebrietate,

207 3639 362 3733 absorpti
392 3656 475 3716 sunt
503 3670 525 3715 a
551 3651 644 3730 vino,
677 3657 881 3715 erraverunt
907 3650 945 3714 in
978 3649 1157 3727 ebrietate,

207 3752 405 3816 nescierunt
442 3751 642 3830 Videntem,
685 3751 936 3833 ignoraverunt
975 3749 1156 3834 judicium.

144 3874 148 3882 ·
208 3851 338 3916 Omnes
352 3853 443 3916 enim
458 3871 586 3917 mensae
599 3850 740 3935 repletae
756 3860 838 3918 sunt
846 3851 978 3917 vomitu
992 3850 1156 3928 sordium,

161 3975 192 4021 aa
206 3951 257 4016 ita
271 3959 311 4016 ut
327 3973 397 4016 non
412 3960 504 4017 esset
517 3952 611 4017 ultra
622 3953 731 4016 locus.

242 4178 261 4212 ¹¹
273 4180 395 4245 Esaiam]
412 4181 450 4231 iii.
462 4184 509 4242 113
526 4183 579 4241 xrl
590 4195 597 4242 3
607 4179 698 4229 xxviii.
709 4184 735 4242 ⁷,
746 4182 787 4242 14,
799 4182 847 4239 1⁷3
858 4176 931 4227 xxix.
943 4179 984 4240 1³,
996 4178 1027 4225 ll
1037 4190 1045 4236 3
1055 4174 1119 4228 lxvi.
1131 4178 1156 4227 1.
