2940 4884
523 406 694 454 nrrsronn
718 395 848 498 QLDAE·
1118 395 1162 457 99

210 561 307 638 mori,
324 569 359 626 et
373 562 416 626 ad
431 562 628 626 liberandas
640 565 785 640 animas,
796 583 884 647 quas
899 585 969 629 non
980 567 1162 647 oportebat

210 662 338 738 vivere,
369 663 450 726 dum
478 662 659 745 loquimini
687 665 815 747 populo
845 666 1043 730 exaudienti
1069 685 1161 730 vana

209 761 358 843 eloquia.
410 762 456 827 Et
471 763 574 840 iufra,
588 764 655 828 Fili
678 762 824 848 hominis
847 765 914 841 dic,
929 765 986 829 Tu
1008 786 1044 829 es
1066 772 1160 830 terra

210 881 289 943 quae
304 883 372 927 non
388 864 608 945 compluitur,
623 885 733 948 neque
748 864 867 947 pluvia
881 864 974 931 facta
990 867 1160 949 estsuper

181 979 196 1022 5
211 969 245 1026 te
258 963 295 1027 in
310 963 364 1026 die
379 963 453 1040 irae,
468 964 504 1026 in
520 984 590 1047 qua
604 965 776 1048 principes
790 965 827 1030 in
840 965 952 1030 medio
968 965 1055 1050 ejus,
1070 967 1160 1030 sicut

208 1064 337 1141 leones,
353 1063 541 1146 rugienteS,
556 1065 729 1148 rapientes
742 1066 893 1148 rapinas,
909 1066 1041 1130 animas
1055 1066 1160 1131 devo·

208 1170 326 1228 rantes
340 1163 377 1227 in
393 1164 561 1246 potentia,
576 1171 611 1228 et
626 1164 738 1248 pretia
760 1165 980 1248 accipientes,
996 1174 1032 1230 et
1045 1167 1159 1231 viduae

209 1270 279 1326 tuae
294 1264 531 1346 multiplicatae
546 1273 630 1329 sunt
642 1265 679 1329 in
694 1266 806 1330 medio
830 1265 893 1343 tui,
914 1273 949 1331 et
963 1267 1160 1331 sacerdotes
1256 1351 1261 1357 ι

210 1363 285 1447 ejus
322 1365 555 1447 despexerunt
591 1364 703 1448 legem
740 1386 863 1445 meam,
892 1374 928 1430 et
960 1368 1161 1449 polluebant

163 1477 196 1523 ιο
209 1472 331 1528 sancta
343 1484 431 1530 mea.
485 1466 583 1529 Inter
597 1473 756 1530 sanctum
770 1473 806 1531 et
819 1466 990 1549 pollutum
1004 1488 1075 1531 non
1089 1467 1159 1530 dis-

209 1565 426 1646 tinguebant,
447 1571 483 1629 et
505 1565 596 1630 inter
617 1566 767 1630 medium
791 1566 958 1630 immundi
982 1574 1018 1630 et
1042 1568 1161 1631 mundi

209 1685 279 1729 non
305 1666 515 1744 dividebant,
545 1672 581 1729 et
609 1685 631 1729 a
660 1665 814 1730 sabbatis
845 1667 930 1730 meis
953 1666 1161 1732 obvelabant

208 1766 327 1851 oculos
341 1785 433 1844 suoS,
449 1773 484 1830 et
497 1767 698 1849 polluebant
710 1767 747 1829 in
762 1766 875 1832 medio
890 1787 1019 1830 eorum.

217 1913 219 1916 -
260 1866 348 1950 591.
373 1866 420 1930 Et
443 1866 580 1945 iterum,
607 1866 653 1930 Et
683 1869 879 1949 quaerebam
904 1888 950 1931 ex
977 1866 1027 1931 eis
1050 1867 1162 1931 virum

165 1984 196 2029 15
208 1973 301 2031 recte
315 1975 586 2043 conversantem,
603 1973 639 2031 et
653 1973 803 2031 stantem
819 1975 900 2031 ante
914 1966 1037 2031 faciem
1051 1987 1161 2031 meam

208 2066 348 2130 omnino
361 2067 397 2130 in
412 2073 567 2149 temporo
579 2067 653 2143 irae,
670 2087 713 2131 ne
728 2067 764 2129 in
779 2068 847 2130 fine
864 2066 1011 2131 delerem
1025 2086 1113 2144 eam,
1127 2074 1163 2130 et

208 2186 278 2230 non
292 2166 420 2232 inveni.
473 2167 520 2230 Et
537 2166 641 2230 effudi
661 2166 698 2229 in
721 2186 797 2233 eam
819 2166 971 2230 animum
993 2186 1106 2230 meum
1125 2166 1162 2231 in

207 2265 288 2349 igne
309 2266 371 2332 irae
385 2287 471 2331 meae
494 2267 537 2330 ad
554 2268 824 2331 consumendum
843 2287 922 2347 eos;
947 2267 1021 2330 vias
1043 2287 1162 2331 eorum

208 2364 245 2430 in
260 2377 366 2451 caput
379 2388 496 2432 eorum
508 2367 599 2446 dedi,
612 2367 697 2432 dicit
711 2367 894 2432 Dominus
947 2367 993 2431 Et
1005 2375 1085 2450 post
1099 2367 1161 2430 ali·

163 2488 196 2534 ao
209 2475 351 2549 quanta,
367 2469 414 2532 Et
429 2468 541 2531 lactus
556 2475 609 2533 est
620 2488 732 2532 sermo
748 2466 890 2533 Domini
904 2466 948 2530 ad
962 2488 1016 2531 me
1032 2468 1160 2544 dicens,

211 2568 279 2632 Fili
297 2567 444 2632 hominis
466 2568 607 2650 loquere
620 2567 700 2632 filiis
723 2567 843 2651 populi
866 2566 944 2644 mei,
959 2574 995 2631 et
1008 2567 1100 2630 dices
1117 2567 1161 2631 ad

209 2688 288 2749 eos;
312 2669 432 2746 Terra,
445 2669 482 2733 in
499 2689 602 2750 quam
622 2689 688 2751 ego
711 2667 864 2750 gladium
886 2667 1160 2750 superinducam,

210 2777 245 2834 et
268 2770 439 2852 acceperit
467 2769 616 2852 populus
646 2777 748 2833 terrae
779 2767 951 2832 hominem
986 2787 1093 2831 unum
1116 2787 1162 2830 ex

209 2868 306 2951 ipsis,
320 2878 355 2934 et
377 2870 510 2934 dederit
524 2890 602 2934 eum
625 2870 690 2933 sibi
711 2870 749 2933 in
771 2868 1034 2952 speculatorem,
1057 2874 1093 2932 et
1109 2868 1160 2932 vi·

165 2984 197 3029 25
210 2969 300 3034 derit
325 2971 477 3054 gladium
500 2971 696 3035 venientem
726 2989 830 3055 super
854 2976 993 3046 terram,
1019 2975 1055 3033 et
1076 2969 1162 3033 tuba

210 3072 372 3135 cecinerit
405 3079 441 3136 et
473 3067 721 3153 significaverit
755 3069 906 3153 populo;
945 3077 980 3134 et
1015 3068 1162 3133 audierit

210 3173 270 3253 qui
296 3172 392 3236 audit
416 3191 539 3237 vocem
559 3173 651 3236 tubae
676 3179 712 3237 et
738 3191 808 3235 nou
832 3169 1090 3248 observaverit3
1126 3174 1162 3231 et

210 3274 344 3337 venerit
369 3273 505 3354 gladius
529 3278 564 3335 et
585 3270 881 3354 comprehenderit
904 3289 993 3346 eum,
1019 3267 1161 3349 sanguis

211 3371 286 3456 ejus
310 3392 414 3454 super
436 3377 542 3454 caput
568 3371 645 3455 ejus
675 3372 751 3435 erit.
805 3369 910 3448 Quia,
940 3388 1017 3432 cum
1042 3387 1162 3433 vocem

166 3484 198 3528 30
211 3474 304 3535 tubae
334 3473 498 3549 audisset,
526 3490 596 3534 nou
626 3470 835 3547 observavit,
861 3469 1004 3551 sanguis
1028 3467 1104 3551 ejus
1125 3467 1163 3530 in

210 3573 286 3655 ipso
313 3574 398 3653 erit;
421 3579 456 3636 et
479 3571 547 3647 hic,
561 3572 643 3653 quia
669 3570 867 3646 custodivit,
891 3570 1042 3632 animam
1064 3587 1162 3631 suam

210 3672 381 3739 liberavit.
434 3672 481 3735 Et
495 3672 702 3754 speculator,
718 3672 749 3734 si
763 3670 888 3734 viderit
902 3669 1055 3751 gladium
1066 3668 1162 3733 veni-

211 3781 325 3838 entem
348 3781 383 3837 et
405 3793 475 3837 non
498 3772 745 3854 significaverit
760 3772 856 3848 tuba,
869 3776 905 3834 et
921 3769 1070 3852 populus
1093 3788 1164 3833 non

211 3874 458 3951 observaverit,
481 3879 516 3937 et
538 3872 680 3937 veniens
703 3871 839 3954 gladius
861 3870 1032 3952 acceperit
1049 3890 1093 3932 ex
1114 3868 1164 3933 eis

167 3999 198 4044 aa
212 3977 373 4052 animam,
390 3981 426 4038 et
446 3975 523 4057 ipsa
544 3979 687 4056 propter
699 3972 918 4053 iniquitatem
940 3989 1038 4033 suam
1061 3976 1165 4051 capta

212 4082 277 4153 est,
293 4082 330 4139 et
343 4075 546 4157 sanguinem
562 4074 605 4138 de
620 4093 725 4137 manu
740 4070 966 4154 speculatoris
981 4069 1164 4151 requiram.

213 4175 260 4244 Et
284 4183 336 4254 tu,
360 4175 409 4238 fili
430 4174 590 4252 hominiS,
615 4173 867 4257 speculatorem
889 4177 924 4235 te
946 4168 1024 4234 dedi
1049 4167 1167 4233 domui

990 4295 1060 4341 aaa
