2940 4884
553 449 726 499 rersroun
750 451 880 500 cuum
1153 437 1198 500 75

241 606 368 691 pioque
391 603 627 690 regi‘ingesta
646 607 781 688 fuisset,
805 609 924 673 eadem
946 628 1114 693 responsa
1138 630 1197 676 ac-

243 708 417 790 cepissent
438 727 516 791 quae
539 709 583 772 ab
599 706 771 791 Apostolo
787 717 909 775 auctor
929 711 1125 776 eorumdem
1143 712 1197 776 Si-

244 828 325 873 mon
340 808 469 890 Magus
491 808 636 892 acoepit,
659 811 795 875 dicente
816 811 936 890 Petro,
960 810 1115 877 Pecunia
1137 820 1199 877 tua

245 917 359 973 tecum
384 910 490 973 sitin
517 911 754 993 perditionem.
808 912 875 976 Sed
898 912 987 977 forte
1012 913 1092 992 heu,
1117 915 1199 996 quia

217 1011 431 1074 sambitores
459 1011 545 1075 istos
578 1011 871 1090 ordinant-imo
911 1014 1026 1096 potius
1060 1015 1199 1078 humili-

247 1118 321 1189 ant,
344 1118 449 1193 atque
471 1132 534 1194 pro
553 1112 791 1177 benedictione
813 1113 1035 1192 maledicunt,
1058 1115 1139 1179 dum
1154 1136 1200 1180 ex

246 1213 486 1295 peccatoribus
500 1233 571 1277 non
585 1214 807 1296 poenitentes
823 1214 915 1297 quod
930 1216 1058 1280 rectius
1073 1215 1199 1294 fuerat,

248 1313 309 1376 sed
333 1313 522 1396 sacrilegos
548 1320 584 1378 et
606 1313 808 1397 desperatos
836 1315 980 1394 faciunt,
1006 1323 1041 1380 et
1069 1316 1200 1380 Judam

248 1413 501 1498 quodammodo
530 1415 567 1478 in
598 1414 695 1479 Petri
722 1415 887 1480 cathedra
916 1415 1058 1481 Domini
1091 1417 1199 1482 tradi-

202 1537 235 1582 ιο
248 1521 370 1593 torem,
395 1534 437 1579 ac
461 1514 646 1579 Nicolaum
674 1516 710 1580 in
736 1517 813 1582 loco
841 1516 1009 1600 Stephani
1037 1519 1200 1601 martyris

249 1622 420 1693 statuunt,
453 1615 640 1680 immundae
667 1615 832 1682 haeresios
865 1617 1202 1696 adinventorem,-
1287 1655 1290 1660 -

248 1715 369 1794 eodem
399 1714 501 1781 modo
535 1717 728 1782 sacerdotio
762 1717 886 1783 adsciti
914 1725 1016 1799 sunt;
1049 1727 1084 1784 et
1122 1719 1201 1783 ideo

248 1836 319 1881 non
354 1836 563 1901 magnopere
599 1818 816 1883 detestantur
845 1819 883 1882 in
920 1819 1012 1897 filiis,
1049 1820 1202 1902 quinimo
1256 1902 1257 1906 Ἰ

249 1925 471 1997 venerantur,
499 1918 590 2002 quod
618 1919 777 1986 similiter
806 1926 846 1983 ut
872 1921 1030 2002 patribus
1057 1920 1202 1985 subinde

205 2035 236 2080 rs
250 2019 385 2083 venisse
408 2020 634 2083 certissimum
657 2027 722 2084 est.
773 2020 912 2084 Etenim
935 2039 1006 2098 eos
1029 2021 1059 2084 si
1081 2020 1117 2084 in
1139 2040 1203 2104 pa-

250 2120 414 2198 rochiam,
451 2120 691 2184 resistentibus
726 2120 792 2185 sibi
830 2126 866 2184 et
905 2127 978 2185 tam
1013 2122 1203 2203 pretiosum

251 2227 424 2304 quaestum
462 2221 711 2304 denegantibus
750 2239 870 2285 severe
903 2222 1201 2301 commessoribus

250 2320 449 2404 hujusmodi
462 2321 686 2404 margaritam
700 2321 856 2387 invenire
870 2321 1098 2405 nonpossint,
1113 2342 1203 2405 prae·

250 2423 365 2486 missis
388 2429 469 2486 ante
485 2423 618 2487 solicite
633 2422 779 2501 nunciis,
802 2424 1069 2506 transnavigare.
1081 2424 1203 2502 maria,

206 2543 239 2590 se
251 2528 430 2605 terrasque
438 2523 610 2607 spatiosas
619 2531 832 2588 transmeare
841 2529 988 2588 nontam
998 2524 1204 2606 pigetquam

252 2624 413 2702 delectat,
441 2631 482 2689 ut
507 2626 647 2689 omnino
676 2624 758 2688 talis
781 2625 913 2708 species
936 2625 1203 2707 inaequiparabi-

251 2725 364 2807 lisque
383 2725 615 2808 pulchritudo,
638 2731 684 2803 et,
707 2732 748 2789 ut
762 2745 881 2790 verum
896 2724 1019 2803 dicam,
1035 2725 1206 2789 diabolica

251 2825 379 2904 illusio,
404 2827 461 2891 vel
485 2827 634 2891 venditis
660 2826 818 2890 omnibus
835 2826 955 2907 copiis,
976 2832 1206 2909 comparetur.

253 2925 346 2990 Dein
361 2946 439 2991 cum
452 2946 580 3010 magno
602 2934 773 3010 apparatu
792 2945 988 3010 magnaque
1010 2926 1206 3010 phantasia,

207 3046 240 3092 aa
254 3028 310 3092 vel
318 3027 434 3111 potius
445 3029 593 3107 insania,
610 3028 814 3112 repedantes
827 3028 870 3092 ad
886 3029 1047 3110 patriam,
1059 3048 1105 3092 ex
1114 3047 1207 3093 erec-

288 3267 298 3300 ¹
315 3270 439 3332 Ingena]
451 3270 563 3332 Ingeste‚
576 3271 611 3320 B.
743 3269 917 3331 promiscuous
928 3282 975 3316 use
987 3267 1016 3316 oi
1023 3282 1129 3317 women.

289 3338 440 3402 Harpa]
455 3341 583 3391 0m.MS.
780 3336 797 3369 ¹¹
816 3339 956 3400 Statuerat]
968 3339 1085 3399 Faciunt,
1096 3338 1131 3388 Β.
1201 3352 1204 3356 ’

290 3408 301 3438 ³
317 3409 415 3472 Petra]
430 3411 485 3459 Om.
502 3412 532 3461 V.
782 3407 800 3439 ¹¹
817 3408 1029 3472 Adiaoeuterm]
1049 3408 1209 3474 Adjutorem,

291 3477 301 3507 ³
317 3479 449 3543 Pecunia]
462 3481 520 3530 Act.
532 3480 586 3529 viii.
598 3483 639 3528 20.
749 3479 778 3528 V.

291 3547 434 3613 ⁷Fuerut.]
447 3551 558 3612 Fuisset,
574 3551 604 3599 V.
780 3545 800 3578 ¹¹
816 3549 853 3596 Et
875 3549 927 3597 ideo
957 3582 1007 3599 ...
1035 3550 1208 3614 detestantur]
1271 3586 1273 3590 Α

292 3619 313 3652 ¹⁰
329 3621 480 3685 Nicolaum]
504 3621 638 3680 Nicolaus,
659 3633 720 3681 stip·
747 3621 802 3668 Om.
814 3620 849 3668 B.

256 3693 336 3756 posed
354 3693 389 3752 by
406 3706 474 3741 some
493 3697 519 3740 to
537 3694 569 3741 be
582 3705 629 3739 one
641 3690 670 3739 of
677 3690 719 3738 the
781 3686 800 3716 ¹⁴
821 3689 877 3752 Ut]
893 3691 948 3739 Om.
966 3688 996 3740 V.

257 3779 334 3814 seven
345 3763 472 3826 Deacons,
478 3777 532 3812 was
543 3763 585 3810 the
594 3761 685 3810 author
695 3760 724 3810 of
781 3757 801 3790 ¹⁴
818 3760 927 3810 Subinde
945 3755 1062 3829 ceum]
1082 3760 1137 3810 Sibi
1151 3776 1210 3811 eve-

257 3835 300 3883 the
312 3838 365 3883 sect
376 3833 405 3881 of
409 3833 450 3881 the
459 3832 594 3881 Narrabat
605 3831 690 3880 which
698 3833 720 3880 is
745 3831 822 3893 nisse,
839 3832 868 3881 V.

257 3903 400 3954 mentioned
418 3904 445 3952 in
464 3902 546 3963 Apoc.
561 3902 588 3951 ii.
605 3907 630 3952 6.
668 3901 720 3951 His
782 3899 801 3929 ¹⁵
818 3896 872 3968 St]
889 3903 943 3951 Om.
956 3902 990 3951 B.

257 3990 339 4025 errors
358 3989 401 4023 are
419 3972 541 4023 recorded
556 3974 591 4034 by
608 3972 721 4033 Epipha-
782 3969 802 3999 ¹¹
828 3972 985 4034 Peucetiam,
1014 3968 1207 4040 resistentibus]

257 4049 325 4108 nius,
365 4045 520 4107 Augustino,
560 4044 611 4092 end
651 4043 723 4092 other
747 4042 1210 4106 Perochia‚nonnullisresistentibus‚

258 4118 357 4166 writers
378 4131 448 4176 upon
465 4115 592 4175 heresies;
614 4113 665 4162 aud
684 4129 722 4162 re-
752 4114 782 4163 V.

260 4187 358 4236 lerence
369 4187 392 4235 is
400 4200 468 4236 more
476 4184 722 4246 particularlymade
784 4179 804 4212 ¹⁸
822 4177 902 4250 Noa]
918 4183 974 4232 Om.
986 4184 1021 4232 B.

258 4259 285 4308 in
295 4258 337 4308 the
348 4262 403 4308 text
418 4263 445 4306 te
457 4256 497 4306 his
513 4256 626 4306 dochine
643 4255 672 4305 of
679 4255 721 4304 the
783 4250 803 4280 ²⁹
819 4253 971 4318 Diabolum]
984 4253 1113 4316 Zabolica,
1130 4252 1160 4302 V.
1175 4254 1210 4304 Β.
