2940 4884
529 414 700 462 nrrsronn
725 415 853 463 ornem.
1107 402 1172 466 115

214 589 298 634 casu
320 570 484 648 evenerit,
507 571 684 653 popularis
708 591 803 635 aurae
825 572 1060 654 potiusquam
1078 594 1168 657 prae·

212 669 304 753 cepti
331 671 445 753 gratia
469 670 619 750 iactum3
644 691 714 734 non
737 672 889 754 prodest,
917 672 1068 738 Domino
1090 673 1167 740 Sal-

212 777 333 835 vatore
355 771 406 834 ita
427 771 574 848 dicente,
599 768 713 834 Amen
736 771 812 836 dico
831 772 941 850 vobis,
964 784 1167 855 receperunt

128 881 129 885 ’
210 870 402 935 mercedem
416 889 526 935 suam.
570 870 753 949 Ornatum,
770 891 841 935 non
854 872 1081 951 vinolentum,
1094 894 1164 940 non

181 988 458 1053 epercussorem,
481 970 542 1033 sed
564 970 769 1047 modestum,
783 991 854 1035 non
868 971 1069 1053 litigiosmn,
1093 993 1163 1039 non

209 1071 382 1153 cupidum.
435 1070 466 1134 0
483 1069 599 1135 feralis
613 1071 819 1147 immutatio,
839 1070 869 1134 0
885 1070 1056 1136 horrenda
1070 1093 1161 1156 prae-

207 1177 385 1252 ceptorum
398 1171 590 1236 coelestium
606 1171 820 1235 conculcatio
834 1191 843 1250 ;
867 1191 981 1235 nonne
995 1171 1159 1255 infatiga-

206 1269 322 1334 biliter
340 1270 384 1336 ad
405 1269 482 1334 haec
504 1271 750 1353 expugnanda,
766 1271 822 1335 vel
836 1271 953 1353 potius
969 1273 1157 1352 obruenda,

205 1376 346 1435 actuum
367 1372 617 1453 verbommque
638 1373 735 1435 arma
749 1371 932 1452 corripitis,
954 1391 1017 1454 pro
1033 1373 1157 1454 quibus

158 1487 191 1531 ro
204 1470 449 1535 conservandis
469 1478 573 1552 atque
592 1470 780 1547 firmandis,
804 1471 835 1533 si
856 1490 996 1535 necesse
1022 1471 1156 1551 fuisset,

203 1577 239 1634 et
252 1590 359 1653 poena
373 1570 466 1634 ultro
481 1570 659 1648 subeunda
674 1576 710 1634 et
724 1570 799 1635 vita
813 1571 974 1653 ponenda
987 1579 1063 1636 erat
1075 1574 1090 1636 l

254 1669 272 1752 §
297 1670 374 1734 109.
408 1669 476 1734 Sed
498 1670 676 1735 videamus
698 1675 735 1734 et
756 1671 958 1753 sequentia3
991 1671 1154 1750 Domum,

201 1768 326 1852 inquit,
362 1788 461 1834 suam
497 1770 585 1834 bene
623 1778 811 1853 regentem,
844 1770 934 1834 filios
970 1769 1153 1836 habentem

201 1869 369 1947 subditos,
392 1888 471 1935 cum
493 1870 587 1935 omni
608 1871 782 1934 castitate.
835 1870 930 1952 Ergo
952 1870 1154 1953 imperfecta

155 1982 186 2027 ιε
201 1975 254 2033 est
283 1977 421 2051 patrum
449 1970 605 2047 castitas,
628 1969 669 2032 ‘si
699 1969 808 2033 eidem
838 1989 909 2033 non
938 1976 974 2033 et
1002 1970 1151 2035 filiorum

200 2069 445 2135 accumuletur.
508 2069 576 2135 Sed
613 2068 696 2150 qnid
734 2069 811 2146 erit,
845 2068 905 2132 ubi
942 2087 1006 2132 nec
1038 2078 1151 2152 pater,

199 2187 263 2231 nec
284 2168 487 2246 filius„mali
508 2167 674 2251 genitoris
694 2167 853 2252 exemplo
875 2175 1042 2252 pravatus
1068 2188 1150 2234 eon-

199 2268 344 2350 spicitur
374 2270 516 2335 castust
578 2267 615 2331 Si
655 2269 732 2351 quis
770 2276 886 2332 autem
921 2269 1038 2333 domui
1075 2287 1149 2334 suae

198 2386 347 2449 praeesse
369 2368 491 2446 nescit,
517 2367 689 2451 quomodo
717 2367 883 2432 Ecclesiae
914 2368 981 2432 Dei
1005 2369 1149 2450 diligen·

151 2483 185 2529 ao
198 2453 282 2532 tiam
307 2467 509 2534 adhibebat
563 2468 654 2532 Haec
681 2475 764 2532 sunt
792 2469 910 2545 verba,
941 2487 1019 2552 quae
1048 2467 1150 2534 indn-

196 2567 316 2634 bitatis
341 2568 520 2634 affectibus
549 2569 798 2652 approbantur.
851 2568 1028 2633 Diaconos
1054 2570 1149 2633 simi·

196 2667 276 2737 liter
305 2669 461 2750 pudicos,
491 2688 564 2734 non
586 2669 769 2750 bilingues,
793 2689 865 2733 non
891 2669 973 2733 vino
996 2669 1149 2732 >multum

195 2767 343 2846 deditos,
373 2788 443 2833 non
471 2775 573 2851 turpe
605 2769 739 2833 lucrum
767 2775 952 2845 sectantes,
980 2768 1147 2833 habentes

195 2869 396 2950 mysterium
420 2869 500 2935 fidei
520 2869 557 2933 in
583 2869 794 2934 conscientia
812 2886 911 2951 pura.
964 2866 1017 2931 Hi
1031 2875 1147 2933 autem

148 2997 180 3043 25
194 2969 383 3050 probentur
404 2968 562 3053 primum,
585 2977 621 3034 et
642 2969 693 3033 sie
711 2968 909 3033 ministrent
928 2968 1068 3032 nullum·
1079 2969 1146 3032 cri-

194 3087 274 3132 men
286 3068 463 3135 habentes.
517 3068 586 3135 His
608 3069 770 3135 nimirum
791 3068 993 3133 horrescens
1009 3067 1066 3132 diu
1082 3069 1146 3132 im·

193 3169 332 3247 morari,
356 3189 463 3234 unum
483 3169 632 3235 veridice
656 3182 797 3252 possum
818 3169 942 3247 dicere,
964 3169 1049 3250 quin
1072 3167 1147 3233 hoee

193 3269 310 3332 omnia
323 3268 359 3331 in
373 3269 565 3335 contrarios
581 3277 680 3334 actus
695 3275 884 3346 mutentur,
899 3268 950 3332 ita
966 3273 1006 3330 ut
1019 3267 1145 3345 clerici,

192 3368 284 3448 qnod
306 3386 377 3431 non
399 3369 530 3451 absque
551 3369 670 3433 dolore
692 3369 804 3433 cordis
825 3367 948 3445 fateor,
970 3365 1145 3450 impudici,

143 3493 179 3537 30
191 3466 376 3549 bilingues
391 3468 487 3546 ebrii,
497 3469 608 3550 turpis
619 3468 706 3532 lucri
719 3467 847 3551 cupidi,
861 3467 1029 3531 habentes
1043 3465 1145 3529 fidem

191 3574 238 3645 et,
264 3575 304 3634 ut
328 3568 443 3634 verius
467 3567 591 3646 dicam,
615 3567 854 3633 infidelitatem
872 3567 909 3630 in
935 3565 1145 3631 conscientia

225 3853 406 3919 wama]
423 3855 468 3917 v.;
488 3841 653 3918 observanda,
716 3851 734 3884 2¹
752 3847 917 3937 effecere]
946 3853 991 3913 v.;
1020 3867 1065 3902 aa.
1089 3850 1152 3911 n.;.

189 3926 242 4026 RH
262 3994 414 4059 Salanda]
443 3995 489 4056 V.;
512 3994 653 4058 subdenda,
679 3925 893 4058 effgftssiirscimsi'a]
912 3993 966 4042 'l'he
989 4005 1058 4042 same
1081 4003 1140 4052 pus-

190 4065 244 4163 B'ff
260 4134 370 4198 Eidem]
383 4135 417 4185 B.
428 4151 434 4196 ς
446 4135 515 4200 item,
531 4134 561 4185 V.
678 4136 711 4183 do
728 4135 866 4196 Romanus,
882 4149 911 4184 as
929 4133 1003 4196 giren
1019 4132 1054 4192 by
1069 4128 1140 4181 Mar-

225 4202 244 4234 ¹⁵
261 4205 318 4270 nt]
332 4206 417 4272 Esset,
429 4207 463 4256 B.
678 4210 746 4269 tene,
756 4206 784 4255 ii.
797 4209 838 4254 ³⁰.

678 4079 739 4127 suge
756 4079 812 4114 was
823 4063 969 4126 prescribed
984 4064 1019 4124 by
1030 4061 1073 4109 the
1090 4059 1139 4110 Or·
1232 4105 1236 4111 .
