2940 4884
339 407 383 472 68
655 423 827 471 uuisioni
850 421 980 469 cinna.

341 581 397 647 cui
412 580 560 664 primum
582 580 753 644 Dominus
768 576 1009 643 miserabiliter
1024 579 1163 661 plagam
1185 573 1296 641 Israel

342 682 482 746 deflenti
518 681 578 745 ait.
633 680 806 764 Iniquitas
841 680 963 744 domus
992 678 1103 742 Israel
1133 685 1168 742 et
1201 677 1297 741 Juda

342 783 490 848 invaluit
526 782 641 860 nimis,
677 783 759 865 quia
792 782 933 864 impleta
967 786 1021 844 est
1050 787 1143 844 terra
1168 779 1295 861 iniqui·

342 891 416 947 tate
439 889 474 947 et
495 882 721 946 immunditia.
775 882 865 946 Ecce
885 901 950 963 ego
971 900 1060 958 sum,
1084 900 1154 944 non
1176 885 1297 962 parcet

343 984 464 1049 oculus
479 1003 589 1062 mene,
607 1003 718 1066 neque
733 983 930 1046 miserebor.
983 981 1030 1045 Et
1044 980 1144 1046 infra.
1166 1030 1168 1035 ,
1198 977 1295 1058 Quo·
1324 991 1339 1036 5

343 1085 438 1149 uiam
460 1092 552 1148 terra
580 1085 684 1166 plena
714 1083 864 1166 populis,
891 1088 926 1146 et
955 1082 1079 1146 civitas
1104 1081 1208 1164 plena
1228 1080 1296 1144 ini·

343 1187 477 1269 quitate
500 1192 564 1262 est,
585 1193 620 1249 et
640 1191 795 1249 avertam
814 1185 980 1266 impetum
1003 1182 1142 1246 virtutis
1165 1201 1296 1258 eorum,

262 1301 264 1304 ·
344 1295 380 1350 et
407 1286 605 1369 polluentur
631 1293 754 1349 sancta
783 1304 912 1348 eorum.
971 1282 1139 1347 Exoratio
1168 1282 1296 1358 veniet,

344 1393 380 1451 et
395 1394 527 1470 quaeret
549 1406 669 1468 pacem
683 1392 718 1449 et
733 1404 803 1448 non
817 1386 893 1448 erit.
946 1383 994 1447 Et
1010 1390 1090 1467 post
1104 1384 1295 1466 aliquanta.

346 1488 476 1551 Factus
496 1494 561 1563 est,
584 1487 709 1568 inquit,
735 1505 846 1549 sermo
865 1484 1006 1549 Domini
1029 1484 1074 1547 ad
1097 1503 1151 1548 me
1165 1483 1295 1560 dicens,
1309 1487 1342 1536 1⁰

347 1588 416 1651 Fili
434 1587 593 1664 hominiS,
615 1595 708 1651 terra
732 1605 810 1669 quae
840 1584 1036 1667 peccaverit
1060 1584 1144 1648 mihi
1168 1591 1209 1648 ut
1236 1584 1296 1647 de-

343 1688 480 1771 linquat
509 1687 683 1764 delictum,
711 1686 894 1750 extendam
920 1704 1060 1748 manum
1087 1686 1235 1762 ineam,
1262 1691 1297 1748 et

345 1795 521 1852 conteram
541 1786 616 1870 ejus
634 1788 886 1851 firmamentum
906 1785 1018 1868 paniS,
1041 1792 1076 1849 et
1089 1786 1245 1850 emittam
1260 1784 1297 1848 in

345 1908 421 1952 earn
437 1887 574 1964 samem,
596 1894 630 1951 et
643 1887 762 1951 tollam
783 1888 826 1951 de
846 1907 888 1950 ea
905 1886 1089 1964 hominem,
1109 1893 1144 1950 et
1159 1905 1296 1970 pecora.

345 1989 437 2052 Etsi
452 1989 522 2052 sint
535 1994 606 2051 tres
621 1988 686 2052 viri
695 1987 754 2052 isti
766 1989 803 2052 iu
816 1987 929 2051 medio
945 1987 1032 2071 ejus
1050 1986 1140 2065 Noe,
1157 1987 1296 2065 Daniel,
1310 2000 1341 2047 15

345 2095 380 2153 et
402 2089 426 2153 J
428 2090 484 2166 ob,
507 2109 577 2153 non
590 2089 785 2153 liberabunt
802 2109 890 2165 eam,
913 2088 973 2152 sed
990 2088 1058 2171 ipsi
1079 2088 1115 2151 iu
1138 2107 1202 2152 sua
1219 2088 1296 2172 jus-

344 2188 423 2254 titia
442 2190 531 2255 salvi
552 2196 665 2264 erunt,
688 2189 772 2254 dicit
793 2189 975 2253 Dominus.
1028 2186 1131 2267 Quod
1145 2189 1175 2252 si
1192 2188 1297 2253 etiam

344 2291 473 2355 bestias
500 2291 610 2354 malas
633 2290 793 2354 inducam
820 2296 1074 2373 superterram
1098 2296 1133 2354 et
1156 2290 1298 2372 puniam

344 2391 453 2467 illam,
477 2398 511 2455 et
527 2391 592 2453 erit
605 2391 642 2454 in
657 2391 910 2468 exterminium,
932 2399 968 2454 et
982 2410 1053 2455 non
1072 2391 1138 2454 erit
1152 2391 1212 2473 qui
1231 2389 1298 2455 iter

345 2490 452 2554 faciat
485 2510 506 2554 a
534 2491 620 2554 facie
653 2491 853 2555 bestiarum.
906 2490 953 2554 Et
979 2497 1049 2555 tres
1078 2491 1143 2555 viri
1171 2491 1231 2555 isti
1260 2492 1342 2555 inae

346 2591 457 2655 medio
476 2593 551 2676 ejus
566 2593 647 2669 sint,
663 2593 743 2657 vivo
759 2613 823 2674 ego
839 2592 922 2656 dicit
938 2592 1120 2669 Dominus
1141 2594 1171 2654 si
1186 2592 1247 2654 filii
1263 2600 1297 2656 et

345 2693 426 2755 filiae
449 2693 524 2776 ejus
545 2693 794 2771 liberabuntur,
817 2694 877 2756 sed
899 2694 965 2776 ipsi
987 2694 1053 2756 soli
1074 2693 1163 2756 salvi
1186 2701 1297 2771 erunt,

347 2799 437 2856 terra
456 2801 571 2856 autem
583 2795 648 2857 erit
662 2795 697 2856 in
709 2795 896 2858 interitum.
943 2794 990 2856 Et
1005 2795 1139 2857 iterum.
1187 2795 1297 2858 Filius

348 2913 416 2956 non
443 2894 588 2974 accipiet
612 2896 818 2979 injustitiam
842 2896 962 2976 patrm,
986 2915 1097 2977 neque
1117 2901 1217 2976 pater
1240 2915 1297 2958 ac-

347 2993 451 3074 cipiet
465 2994 670 3077 injustitiam
686 2996 758 3059 filii.
810 2995 832 3058 J
835 2996 956 3060 ustitia
964 2995 1053 3079 justi
1068 3015 1171 3076 super
1185 2996 1297 3078 ipsum
1311 3015 1342 3058 25

347 3095 423 3156 erit.
477 3094 523 3157 Et
544 3095 695 3177 iniquuS,
720 3097 749 3158 si
769 3104 905 3160 avertat
931 3116 967 3158 se
990 3099 1033 3160 ab
1055 3098 1212 3159 omnibus
1232 3098 1297 3160 ini·

345 3194 537 3276 quitatibus
553 3215 639 3276 quas
655 3196 747 3273 fecit,
770 3204 805 3259 et
819 3197 991 3260 custodiat
1006 3199 1122 3261 omnia
1135 3199 1298 3261 mandata

347 3315 435 3373 mea,
453 3303 487 3359 et
504 3295 609 3358 saciat
619 3297 794 3380 justitiam
809 3305 845 3360 et
860 3298 1127 3361 misericordiam
1142 3300 1298 3376 multam,

346 3395 420 3459 vita
437 3397 530 3460 vivet
553 3405 587 3460 et
611 3418 679 3460 non
701 3399 876 3461 morietur.
930 3397 1056 3461 Omnia
1070 3399 1196 3463 delicta
1211 3400 1297 3483 ejus,

347 3516 561 3579 quaecunque
576 3497 668 3575 fecit,
681 3519 750 3562 non
766 3507 865 3562 eruut
879 3520 887 3578 3
905 3499 940 3560 in
954 3519 1017 3561 sua
1028 3500 1177 3583 justitia,
1194 3520 1297 3583 quam
1311 3512 1343 3557 eo

348 3596 441 3673 seuit,
462 3598 535 3661 vita
556 3598 660 3661 vivet.
714 3599 881 3681 Nunquid
903 3600 1083 3664 voluntate
1104 3602 1184 3664 volo
1207 3621 1297 3664 mor·
1364 3604 1366 3607 ’

347 3704 417 3760 tem
439 3697 572 3780 injusti,
599 3699 682 3761 dicit
706 3699 888 3778 Dominus,
915 3720 1018 3782 quam
1043 3708 1083 3764 ut
1101 3709 1237 3765 avertat
1261 3721 1297 3766 se

348 3815 369 3858 a
391 3797 449 3860 via
471 3816 534 3860 sua
556 3799 649 3860 mala
671 3806 705 3861 et
727 3799 847 3864 vivatl
901 3800 988 3863 Cum
1015 3821 1051 3864 se
1074 3810 1190 3865 autem
1215 3821 1297 3866 con-

346 3898 489 3960 verterit
511 3897 629 3981 justus
658 3918 678 3960 a
702 3899 842 3982 justitia
868 3920 943 3979 sua,
970 3910 1004 3965 et
1028 3902 1146 3967 fecerit
1171 3904 1297 3985 iniqui·
1379 3897 1381 3900 ’

347 4005 453 4061 tatem
484 3999 670 4061 secundum
707 4020 824 4064 omnes
861 4002 1060 4084 iniquitates
1098 4024 1184 4085 quas
1217 4004 1299 4069 fecit
1312 4015 1343 4061 35

346 4099 496 4179 iniquuS,
525 4119 643 4162 omnes
666 4101 827 4185 justitiae,
861 4122 947 4184 quas
978 4104 1070 4181 fecit,
1099 4126 1169 4168 non
1197 4119 1299 4169 erunt

371 4306 455 4374 2Ait]
464 4310 556 4361 Ezech.
564 4311 599 4361 ix.
608 4315 633 4374 9,
641 4316 672 4360 10
680 4327 686 4373 3
694 4313 737 4362 vii.
746 4316 777 4362 23
787 4313 852 4374 ;xiv.
861 4316 902 4376 12,
912 4317 952 4377 13,
962 4319 1000 4379 14,
1008 4320 1052 4366 etc.
1061 4333 1067 4378 ;
1075 4317 1146 4367 xviii.
1154 4320 1195 4380 2⁰,
1203 4321 1288 4380 2l,etc
