2940 4884
501 435 672 484 nrrsroua
695 436 826 485 omnin,
1097 421 1141 486 39

187 602 269 673 tem,
291 601 327 658 et
351 595 538 659 revertenti
566 595 631 662 sibi
656 595 758 659 laetus
781 595 935 659 occidere
960 597 1140 663 consuevit

186 696 333 760 vitulum
371 695 443 760 filio
480 696 689 776 saginatum,
730 703 765 760 et
803 695 955 779 proferre
992 698 1138 779 primam

187 797 317 860 erranti
352 795 477 859 stolam
520 802 556 859 et
593 797 725 879 regium
768 797 946 875 annulum,
978 804 1018 862 ut
1054 805 1142 863 tunc.

187 898 261 979 spei
289 896 440 961 coelestis
479 915 520 959 ac
559 896 591 959 si
620 916 777 980 saporem
806 904 1026 981 praegustans
1057 918 1136 963 sen-

157 999 268 1062 ⁵tiret
291 1016 395 1080 quam
419 997 536 1061 suavis
561 1005 615 1061 est
643 998 826 1062 Dominus
880 997 974 1064 Nam
1004 999 1033 1063 si
1061 999 1136 1064 haec

187 1098 421 1175 contemseriS,
460 1098 549 1161 scias
581 1105 617 1162 te
644 1098 942 1165 inextricabilibus
976 1101 1136 1164 tenebro-

186 1200 302 1282 sisque
326 1199 459 1281 ignium
488 1199 698 1263 torrentibus
727 1199 802 1283 jam
832 1199 976 1284 Jamque
1010 1200 1139 1264 inferni

186 1300 370 1365 rotandum
388 1299 649 1381 urendumque.'

238 1401 319 1484 §3st
342 1399 459 1479 ‘Quid
476 1407 515 1469 tu
533 1420 681 1482 quoque,
696 1405 737 1462 ut
752 1399 931 1482 Propheta
945 1401 1005 1479 ait,
1021 1402 1135 1466 catule

141 1515 172 1561 ro
184 1501 333 1579 leonine,
348 1499 470 1565 Aureli
484 1499 639 1578 Gonane,
655 1500 754 1581 agisl
779 1520 894 1564 nonne
909 1501 1041 1579 eodem,
1064 1522 1133 1584 quo

185 1602 416 1684 supradictus,
441 1602 471 1665 si
496 1621 566 1665 nou
592 1600 834 1678 exitiabiliore,
853 1602 1135 1683 parricidiorum,

185 1703 462 1780 fornicationum,
483 1701 797 1783 adulteriorumque
812 1721 925 1780 coeno,
947 1704 1044 1768 velut
1058 1705 1134 1786 qui-

184 1804 329 1868 busdam
346 1803 488 1868 marinis
508 1802 719 1867 irruentibus
740 1803 804 1866 tibi
824 1804 958 1867 voraris
981 1804 1135 1868 feraliter

185 1905 310 1968 undisl
363 1904 491 1990 Nonne
516 1924 636 1987 pacem
665 1903 801 1986 patriae,
829 1904 1043 1968 mortiferum
1071 1925 1134 1970 ceu

140 2022 170 2067 15
185 2013 378 2088 serpentem
402 2004 533 2082 odiens,
554 2004 737 2085 civiliaque
759 2003 851 2067 bella
871 2011 906 2068 et
924 2007 1062 2068 crebras
1080 2006 1133 2069 in-

181 2106 276 2190 juste
301 2105 437 2188 praedas
460 2105 592 2183 sitiens,
616 2105 740 2168 animae
763 2111 833 2167 tuae
848 2104 1000 2169 coelestis
1014 2113 1134 2188 portas

184 2208 280 2289 pacis
298 2226 338 2269 ac
355 2206 524 2287 refrigerii
546 2203 753 2287 praecludisl
808 2203 977 2283 RelictuS,
1001 2226 1133 2288 quaese,

180 2307 255 2391 jam
278 2307 384 2384 solus,
408 2306 480 2369 acsi
502 2307 605 2370 arbor
620 2306 657 2369 in
679 2304 791 2368 medio
814 2324 937 2388 campo
962 2325 1134 2386 arescenS,

183 2407 364 2472 recordare
401 2414 539 2489 patrum
576 2406 790 2488 fratrumque
834 2413 972 2471 tuorum
1013 2426 1133 2490 super-

138 2529 171 2574 eo
184 2528 330 2573 vacuam
367 2507 598 2589 phantasiam,
623 2505 815 2591 juvenilem
846 2507 1133 2592 immaturamque

183 2618 339 2674 mortem.
393 2609 489 2673 Num
507 2608 685 2674 centennis
700 2614 739 2671 tu
762 2608 805 2671 ob
821 2608 984 2690 religiosa
998 2611 1132 2689 merita,

131 2765 133 2771 ,
184 2710 240 2775 vel
260 2729 398 2774 coaevus
415 2709 638 2786 Mathusalae,
662 2714 829 2791 exceptus
853 2729 898 2772 ex
921 2711 1015 2773 omni
1037 2710 1133 2793 prole

184 2811 400 2875 servaberisl
454 2809 698 2892 Nequaquam.
752 2808 820 2872 Sed
854 2810 922 2873 nisi
951 2810 1065 2888 citius,
1093 2820 1134 2876 ut

185 2911 374 2976 Psalmista
407 2911 469 2989 ait,
503 2928 691 2977 conversus
722 2908 829 2972 fueris
858 2910 903 2973 ad
932 2910 1132 2990 Dominum,

137 3035 169 3080 aa
184 3033 300 3077 ensem
317 3013 354 3076 in
372 3018 406 3076 te
424 3012 574 3077 vibrabit
595 3012 634 3075 in
650 3011 747 3075 brevi
771 3029 871 3074 suum
889 3010 970 3075 Rex
985 3011 1055 3090 ille,
1074 3013 1133 3095 qui

184 3135 246 3196 per
260 3112 483 3196 Prophetam,
500 3113 590 3195 Ego,
612 3112 737 3193 inquit,
761 3111 927 3190 occidam,
951 3120 986 3176 et
1000 3133 1065 3195 ego
1080 3114 1133 3177 vi·

184 3235 265 3279 vere
290 3214 435 3295 faciam3
465 3213 655 3296 percutiam
682 3219 717 3276 et
742 3233 808 3294 ego
832 3214 975 3291 sanabo,
1004 3221 1040 3277 et
1063 3235 1133 3278 non

184 3323 249 3393 est,
271 3316 331 3397 qui
355 3314 397 3377 de
417 3334 523 3378 manu
545 3333 623 3377 mea
639 3313 750 3395 possit
772 3332 903 3377 eruere.
956 3312 1133 3392 Quamob-

185 3436 268 3492 rem,
293 3421 456 3479 excutere
476 3415 519 3478 de
541 3414 664 3478 foetido
686 3413 828 3495 pulvere
848 3420 909 3477 tuo
932 3421 967 3477 et
989 3433 1133 3478 conver-

139 3523 257 3580 sotere
283 3516 327 3578 ad
352 3535 430 3578 eum
453 3521 527 3578 toto
550 3513 664 3591 corde,
687 3513 747 3595 qui
770 3515 902 3577 creavit
925 3521 971 3591 te,
994 3522 1034 3578 ut
1056 3535 1134 3579 cum

184 3617 355 3681 exarserit
376 3616 412 3679 in
434 3615 531 3679 brevi
552 3615 605 3678 ira
623 3613 710 3698 ejus,
725 3615 847 3678 beatus
870 3616 918 3678 sis
935 3633 1079 3697 sperans
1097 3617 1134 3679 in

217 3865 227 3894 ⁴
245 3865 376 3930 Sentiret]
401 3867 430 3917 V.
441 3883 447 3928 ;
460 3865 579 3930 sentiens,
591 3867 625 3917 B.
671 3866 755 3915 Usher
770 3867 797 3914 in
813 3867 853 3916 his
872 3868 999 3918 Primord.
1016 3884 1060 3931 pp.
1076 3869 1134 3933 53⁷,

218 3936 229 3970 ⁹
248 3938 391 4002 Propheta]
404 3938 496 3987 Ezech.
509 3938 563 3987 xix.
575 3943 599 3987 2.
672 3942 728 3987 542.

219 4006 239 4039 ¹⁰
254 4009 381 4072 Leonica]
398 4009 510 4070 Leoline,
521 4009 555 4059 Β.
707 4004 725 4037 ²¹
745 4009 835 4072 Nam]
858 4009 888 4060 V.
900 4025 906 4069 ;
919 4010 997 4071 unde,
1009 4011 1043 4060 Β.

220 4077 240 4110 ¹⁰
264 4079 381 4142 Conana]
411 4081 457 4140 V.;
480 4079 586 4140 Canine,
610 4077 644 4127 B.
707 4075 728 4105 m
745 4079 809 4141 Era]
823 4079 1133 4143 Penaprimorapam.

185 4150 343 4212 Concerning
359 4150 410 4198 him
425 4150 467 4199 the
483 4151 571 4199 reader
587 4164 646 4210 may
708 4146 727 4176 Ἀ
744 4149 900 4213 Psalmista]
920 4150 965 4199 Ps.
978 4151 1022 4200 vil.
1035 4155 1075 4200 la.

184 4221 283 4271 consult
297 4221 339 4269 the
358 4221 454 4270 notices
472 4221 592 4271 collected
611 4222 644 4282 by
709 4217 905 4284 ”Prophetamq
913 4221 992 4271 Deut.
1000 4222 1081 4272 xxxii.
1094 4225 1134 4274 39.

1148 1411 1250 1452 Aurelius
1260 1412 1299 1452 co·

1148 1463 1298 1503 naurebuked.
