2940 4884
536 399 707 447 nrrsronn
731 401 859 447 cinon.
1127 387 1172 450 49

220 556 327 635 Sauli,
341 576 404 639 pro
420 576 474 634 eo,
489 556 582 638 quod
597 557 755 639 quaedam
778 558 820 620 de
838 557 1010 622 mandatis
1026 559 1170 626 Domini

219 678 289 722 non
307 658 548 739 compleverat,
572 657 700 735 dicenS,
715 657 829 721 Stulte
845 658 958 740 egisti,
972 679 1035 722 nec
1052 667 1168 726 custo-

218 758 300 820 disti
318 757 483 821 mandata
504 757 645 821 Domini
658 757 726 821 Dei
739 758 803 835 tui,
818 778 896 841 quae
915 759 1080 842 praecepit
1093 761 1167 827 tibi.

220 855 322 936 Quod
339 858 369 921 si
381 878 451 922 non
465 857 616 936 fecisses,
626 857 806 941 jam'nunc
821 858 1071 941 pararetDeus
1088 866 1166 943 'reg-

190 977 300 1024 5num
323 964 420 1021 tuum
443 976 546 1040 super
568 956 679 1020 Israel
701 957 737 1020 in
760 959 1015 1040 sempiternum,
1031 960 1090 1023 sed
1106 982 1166 1025 ne-

218 1077 390 1140 quaquam
413 1078 557 1140 regnum
580 1064 678 1121 tuum
705 1056 799 1121 ultra
826 1066 1020 1140 consurget.
1073 1058 1167 1139 Quid

218 1178 300 1240 ergo
315 1158 425 1221 simile
438 1157 542 1241 hujus
558 1157 722 1240 temporis
745 1159 929 1222 sceleribus
949 1158 1165 1238 adulterium,

217 1259 331 1323 nevel
353 1257 573 1340 parricidium
587 1257 693 1321 fecitl
747 1257 856 1322 Nullo
870 1258 991 1337 mod03
1016 1259 1075 1345 sed
1087 1259 1164 1343 jus-

217 1357 324 1421 sionis
340 1378 384 1421 ex
399 1365 497 1439 parte
512 1357 750 1434 mutationem,
762 1358 855 1440 quia,
869 1365 909 1421 ut
924 1358 1010 1421 bene
1024 1358 1164 1440 quidam

173 1465 373 1525 mnostrum
388 1458 449 1534 ait,
466 1477 536 1521 non
556 1457 672 1538 agitur
690 1457 733 1520 de
753 1458 919 1540 qualitate
939 1459 1084 1540 peceati,
1104 1460 1164 1522 sed

217 1557 260 1620 de
287 1557 561 1639 transgressione
589 1556 763 1620 mandati,
794 1616 795 1621 ,
832 1557 957 1639 Itaque
983 1557 1080 1620 illum
1103 1560 1164 1622 ob·

212 1656 318 1740 jecta,
353 1659 449 1721 velut
477 1658 633 1739 putabat,
660 1663 879 1740 purgantem,
909 1664 945 1721 et
972 1657 1163 1741 apologias,

216 1764 256 1820 ut
271 1757 405 1840 generis
424 1757 565 1820 humani
587 1757 691 1820 moris
711 1764 776 1834 est,
796 1757 968 1840 sagaciter
981 1755 1047 1821 hoc
1061 1759 1163 1823 modo

217 1857 467 1922 adnectantem.
516 1857 593 1921 Imo
608 1856 725 1922 audivi
737 1877 856 1922 vocem
875 1856 1027 1934 Domini,
1041 1865 1077 1922 et
1090 1877 1163 1921 am-

173 1984 203 2026 15
215 1958 332 2042 bulavi
345 1957 381 2021 in
396 1958 533 2040 viaper
545 1976 649 2037 quam
666 1957 761 2022 misit
777 1977 842 2035 me,
865 1957 929 2020 tali
950 1958 1164 2023 animadver-

217 2058 313 2122 sione
336 2057 508 2136 multavit,
535 2057 702 2140 Nunquid
724 2057 811 2134 vult,
836 2056 961 2139 inquit,
994 2058 1164 2122 Dominus

217 2155 429 2233 holocausta,
451 2163 511 2220 aut
530 2157 700 2234 victimas,
723 2163 758 2220 et
780 2176 849 2220 non
863 2156 978 2239 potius
993 2164 1032 2220 ut
1046 2158 1162 2222 obedi-

217 2265 296 2322 atur
311 2257 389 2323 voci
411 2256 574 2322 Domini?
627 2257 754 2321 Melior
772 2263 826 2320 est
845 2257 936 2320 enim
958 2258 1163 2336 obedientia,

217 2377 320 2439 quam
345 2357 515 2438 victimae3
547 2364 582 2421 et
612 2356 730 2421 audire
762 2356 885 2438 magis
914 2376 1018 2439 quam
1044 2357 1164 2422 offerre

175 2482 208 2527 ao
217 2459 351 2540 adipem
374 2458 538 2536 arietum;
567 2457 728 2540 quoniam
754 2457 843 2520 sicut
867 2465 1046 2540 peccatum
1073 2459 1164 2527 ario,-

216 2558 311 2622 landi
332 2566 385 2623 est
407 2577 610 2643 repugnare,
633 2557 684 2621 ita
705 2557 803 2640 quasi
825 2558 936 2621 scelus
958 2557 1163 2623 idololatriae

217 2660 308 2724 nolle
335 2658 561 2741 acquiescere.
614 2656 684 2721 Pro
712 2677 753 2721 eo
780 2677 862 2738 ergo
892 2657 983 2740 quod
1006 2658 1163 2742 abjecisti

216 2779 408 2824 sermonem
423 2757 576 2835 Domini,
599 2756 726 2841 abjecit
745 2763 781 2820 et
800 2763 847 2835 te,
867 2777 911 2819 ne
925 2757 973 2820 sis
988 2778 1062 2821 rex.
1117 2758 1165 2823 Et

216 2867 296 2941 post
318 2878 440 2943 pauca,
455 2858 574 2935 Scidit,
588 2857 712 2938 inquit,
727 2857 824 2921 Deus
845 2876 990 2938 regnum
1012 2857 1122 2922 Israel
1141 2878 1164 2921 a

171 2989 203 3034 25
217 2966 251 3022 te
275 2960 388 3037 hodie,
415 2966 450 3023 et
470 2959 564 3022 dedit
585 2957 670 3021 illud
692 2957 850 3040 proximo
873 2964 934 3021 tuo
958 2958 1090 3022 meliori
1116 2966 1162 3023 te.

218 3058 327 3124 Porro
347 3058 577 3140 triumphator
596 3059 633 3120 in
654 3056 764 3121 Israel
785 3076 855 3121 non
877 3065 1007 3139 parcet,
1031 3066 1066 3122 et
1087 3079 1163 3140 poe-

216 3159 371 3246 nitudine
392 3180 462 3224 non
479 3159 647 3235 flectetur,
666 3177 776 3245 neque
795 3157 886 3220 enim
909 3157 1011 3221 homo
1037 3164 1102 3235 est,
1125 3165 1165 3222 ut

216 3268 299 3341 agat
317 3259 569 3343 poenitentiam,
592 3259 806 3332 subauditur,
826 3276 930 3338 super
948 3257 1042 3320 duris
1056 3259 1164 3322 malo-

216 3380 291 3422 rum
306 3359 516 3441 praecordiis.
554 3357 756 3422 Notandum
776 3376 858 3437 ergo
877 3363 941 3432 est,
957 3356 1049 3437 quod
1063 3357 1164 3436 dixit,

170 3489 201 3535 30
216 3460 327 3523 scelus
338 3457 541 3522 idololatriae
555 3457 730 3521 essenolle
747 3456 823 3518 Deo
833 3455 1059 3537 acquiescere.
1080 3456 1164 3521 Non

215 3579 298 3640 ergo
313 3558 378 3622 sibi
397 3557 555 3621 scelerati
569 3555 638 3632 isti,
655 3557 736 3619 dum
752 3574 821 3618 non
837 3553 992 3636 gentium
1006 3556 1072 3618 diis
1086 3557 1164 3639 per-

215 3659 332 3743 spicue
347 3659 462 3734 litant,
473 3656 715 3738 supplaudant
728 3654 894 3737 siquidem
911 3656 1164 3735 conculcantes

215 3767 395 3843 'porcorum
418 3778 523 3834 more,
548 3755 816 3839 preciosissimas
841 3753 972 3819 Christi
996 3757 1164 3839 margari-
1222 3759 1224 3763 ’

212 3867 281 3938 tas,
297 3859 489 3925 idololatrae
503 3864 596 3921 sunt.

250 4186 374 4251 ”Stulted
387 4190 400 4235 1
414 4186 482 4235 Sam.
494 4185 549 4234 xiii.
561 4187 601 4234 1³.
688 4179 694 4250 Ι
746 4177 763 4207 ¹⁴
776 4180 849 4244 inm]
863 4180 1168 4318 lSam.311v.2⁰,22,28.

997 4271 1017 4315 E
