2940 4884
315 412 360 479 82
627 424 797 474 nrrsrons
822 423 954 472 cinon.

318 583 432 649 sancti
461 579 637 666 Apostoli,
667 581 761 666 quod
788 582 915 662 dignos
945 578 1084 644 habitus
1120 584 1174 642 est
1208 597 1273 660 pro

320 685 460 750 Christo
482 702 566 749 vero
592 682 670 746 Deo
696 681 940 746 contumeliam
961 681 1047 763 pati,
1069 686 1145 743 toto
1171 677 1274 741 corde

320 784 486 849 Trinitati
522 782 654 864 gratias
689 782 790 864 egitl
843 781 932 860 Quis
964 782 1009 845 ob
1039 778 1275 844 testimoninm

321 903 442 950 verum
457 884 535 947 Deo
557 881 734 946 serendum
756 880 897 945 fullonis
914 888 1013 947 vecte
1035 880 1175 943 cerebro
1196 897 1274 960 per·

322 1002 457 1060 cussus,
486 990 527 1047 ut
549 982 705 1047 lacobus
730 982 872 1065 primus,
901 981 939 1045 in
969 979 1074 1046 Novo
1101 980 1275 1042 duntaxat
1305 999 1320 1043 s

323 1085 506 1168 episcopus
515 1082 754 1159 Testamenta,
766 1081 992 1164 corporaliter
1006 1080 1162 1145 interiitl
1186 1078 1276 1157 Quis

324 1184 440 1267 gladio
464 1191 618 1248 vestrum
646 1184 690 1246 ab
718 1181 839 1266 iniquo
868 1182 1035 1265 principe,
1058 1187 1098 1243 ut
1121 1178 1145 1243 J
1148 1179 1277 1242 acubus

324 1284 348 1349 J
351 1284 474 1348 oannis
489 1283 609 1361 frater,
623 1283 737 1365 capite
752 1301 863 1346 caesus
884 1284 964 1345 estl
1016 1279 1117 1359 Quis,
1132 1286 1172 1342 ut
1188 1277 1276 1341 Pro-

324 1385 520 1449 tominister
554 1390 754 1467 martyrque
793 1382 1028 1464 evangelicus,
1065 1380 1131 1444 hoc
1165 1378 1277 1442 solum

325 1484 477 1548 criminis
504 1484 647 1559 habens,
669 1481 762 1566 quod
777 1482 903 1548 viderit
927 1481 1053 1558 Deum,
1076 1498 1178 1563 quem
1199 1498 1277 1561 per·
1292 1496 1324 1541 ιο

326 1584 385 1648 lidi
409 1583 525 1648 videre
554 1583 794 1666 nequiverant,
816 1582 974 1647 nefandis
1002 1580 1162 1644 manibus
1190 1578 1278 1661 lapi-

325 1685 429 1748 datus
451 1685 530 1749 est't
582 1682 671 1762 Quis
689 1682 836 1747 inversis
858 1682 1002 1764 pedibus
1024 1681 1136 1745 crucis
1155 1676 1280 1742 affixus

326 1802 390 1866 pro
411 1782 606 1849 reverentia
621 1780 751 1847 Christi
769 1783 938 1865 patibulo,
951 1801 1053 1864 quem
1075 1801 1145 1845 non
1167 1779 1281 1842 minus

327 1889 438 1947 morte
466 1901 571 1966 quam
594 1881 669 1946 vita
695 1883 940 1960 honoraturus,
969 1889 1009 1946 ut
1037 1879 1281 1945 clavicularius

327 1984 386 2048 ille
416 1984 583 2047 coelorum
607 1983 706 2066 regni
728 1983 885 2060 idoneuS,
915 1990 1107 2046 extremum
1135 1979 1281 2043 halitum
1295 1999 1326 2044 rs

328 2083 443 2148 fuditt
496 2083 584 2162 Quis
598 2103 644 2147 ex
659 2083 757 2148 vohis
773 2083 880 2165 gladii
892 2083 965 2146 ictu
977 2079 1198 2147 veridicantis
1217 2099 1282 2162 pro

329 2184 545 2249 confessione
572 2182 702 2247 Christi
730 2191 810 2266 post
831 2183 972 2249 vincula
1001 2180 1160 2257 carceris,
1194 2199 1281 2243 nau-

329 2283 454 2366 fragia,
471 2303 627 2348 amarum
639 2284 816 2365 virgarum
839 2283 979 2361 caedem,
994 2289 1076 2366 post
1089 2281 1281 2356 fluminum,

329 2384 516 2461 latronum,
553 2383 720 2465 gentium,
756 2383 972 2460 Judaeorum,
1009 2381 1282 2466 pseudoaposto-

329 2484 453 2560 lorum,
476 2484 641 2547 continua
660 2484 825 2566 pericula,
841 2491 921 2567 post
941 2484 1055 2558 famis
1078 2481 1216 2566 jejunii,
1229 2480 1282 2545 vi·
1295 2496 1329 2544 so

330 2583 491 2664 giliarum
523 2583 671 2660 labores,
706 2592 785 2667 post
822 2592 997 2667 perpetem
1031 2581 1283 2647 solicitudinem

330 2683 481 2746 omnium
504 2683 737 2762 ecclesiarum,
762 2690 843 2766 post
872 2692 996 2748 aestum
1019 2704 1083 2765 pro
1113 2681 1283 2745 scandali-

331 2784 500 2861 zantibus
525 2790 605 2866 post
619 2784 853 2848 infirmitatem
869 2804 932 2867 pro
947 2783 1104 2861 infirmis,
1119 2789 1199 2866 post
1222 2780 1283 2845 ad·

367 3032 375 3063 ¹
391 3036 482 3097 Quod]
504 3037 559 3084 Om.
577 3036 607 3084 V.
856 3035 873 3067 ¹¹
885 3038 1021 3101 Lupidutus
1032 3038 1089 3102 est]
1107 3038 1166 3087 Act.
1177 3039 1221 3087 vii.
1235 3043 1283 3099 58;

366 3100 474 3173 walt]
513 3105 543 3154 V.
566 3105 625 3154 here
653 3108 795 3167 proceeds:
821 3108 908 3157 0155.

330 3174 414 3225 ‘Quis
433 3175 465 3222 de
483 3176 554 3223 vobis
573 3176 652 3236 gladii
676 3177 728 3224 ictu
750 3192 796 3237 pro
857 3175 877 3207 ¹2
888 3177 1127 3241 Inversispedihus]
1146 3178 1283 3239 Eusebius,

332 3245 489 3293 confessione
501 3246 606 3306 Christi,
621 3250 679 3307 post
694 3247 797 3295 vincula
822 3247 857 3296 H.
879 3248 909 3297 E.
930 3249 958 3296 ii.
973 3252 1015 3308 25,
1038 3249 1088 3295 and
1110 3248 1147 3296 iii.
1167 3252 1191 3308 1,
1210 3246 1282 3312 (edit.

332 3316 459 3376 carceris‚'
470 3320 528 3375 etc.,
540 3315 556 3364 l.
570 3319 610 3364 16.
822 3317 941 3367 Heinich.
954 3318 972 3365 i.
984 3322 1042 3378 181,
1054 3315 1122 3381 185,)
1132 3318 1234 3366 informs
1242 3333 1284 3379 us,

368 3383 517 3449 ⁵ducebat]
529 3385 590 3433 This
603 3390 710 3435 account
720 3385 795 3434 osthe
821 3403 889 3448 upon
916 3388 958 3436 the
980 3389 1108 3449 authority
1130 3387 1159 3435 of
1178 3388 1284 3450 Origen,

333 3457 485 3515 martyrdom
497 3456 526 3503 of
533 3457 550 3505 J
552 3471 630 3518 ames,
637 3457 679 3505 the
689 3457 797 3504 Brother
820 3457 875 3506 that
886 3458 963 3506 Peter
974 3472 1028 3506 was
1039 3458 1159 3506 crucified
1170 3459 1232 3506 with
1244 3460 1284 3506 his

334 3525 363 3572 of
370 3540 417 3572 our
431 3525 546 3586 Saviour,
563 3527 586 3574 is
604 3527 659 3574 that
675 3526 796 3575 recorded
821 3527 886 3575 head
903 3529 1072 3589 downwards,
1084 3533 1110 3576 at
1122 3528 1161 3576 his
1173 3544 1230 3576 own
1246 3544 1285 3576 re-

333 3595 368 3654 by
387 3595 561 3657 Hegesippus,
584 3597 700 3645 Clemens
717 3597 796 3644 Alex·
821 3602 903 3657 quest.
938 3599 985 3647 Dr.
1004 3599 1101 3646 Bnrton
1119 3600 1284 3660 conjectures,

334 3664 464 3726 andrinus,
475 3666 611 3727 Eusebius,
628 3667 797 3728 Epiphanius,
821 3669 874 3716 and
885 3668 948 3716 with
964 3674 1034 3729 great
1050 3669 1213 3730 probability,
1230 3669 1285 3717 that

333 3734 384 3780 and
406 3735 524 3793 Jerome3
553 3751 568 3783 a
597 3737 722 3797 different,
751 3737 797 3783 but
822 3738 889 3785 Paul
904 3753 958 3786 was
980 3739 1111 3787 beheaded
1130 3739 1156 3785 in
1171 3739 1285 3787 conside·

269 3803 271 3807 ⁴
333 3817 401 3850 more
423 3804 542 3863 probable
565 3805 661 3867 history
679 3808 702 3855 is
722 3807 796 3867 given
821 3808 902 3855 ration
915 3808 945 3856 of
957 3809 1033 3870 being
1048 3823 1064 3856 a
1075 3809 1172 3857 Roman
1184 3810 1283 3858 citizen.

333 3872 368 3931 by
379 3873 517 3935 Josephus,
528 3889 571 3922 xx.
580 3879 604 3925 8.
641 3877 795 3925 SeeEuseb.
821 3878 869 3925 See
888 3878 1009 3927 Lectores
1035 3893 1066 3926 on
1083 3878 1153 3927 Eccl.
1175 3879 1288 3928 Histoi

335 3941 371 3988 H.
383 3942 414 3991 E.
426 3942 452 3990 ii.
465 3947 506 4002 23,
518 3941 591 4007 (edit.
609 3945 761 4007 Heinichen,
778 3947 795 3994 i.
821 3947 863 3996 the
887 3948 954 3997 First
979 3949 1053 3997 Cent.
1075 3964 1101 4010 p.
1126 3952 1183 4010 320,
1203 3949 1283 3997 Lond.

334 4009 704 4074 103,)andBasnage,Annal.
718 4016 795 4065 Polit.
823 4022 894 4067 1831.

334 4080 404 4129 Eccl.
416 4082 486 4131 A.D.
495 4087 538 4144 60,
548 4083 561 4144 t
572 4087 597 4132 6.
858 4085 877 4115 ¹⁶
893 4088 1079 4150 Veridtcuntis]
1101 4088 1285 4151 vendicantes,

353 4147 378 4229 ”⁷
389 4151 495 4200 Jacotus
505 4150 721 4223 Joannisfreter]
736 4154 794 4205 Act.
822 4158 855 4208 B.

333 4233 378 4267 xrr.
392 4225 416 4269 2.
