2940 4884
341 418 385 482 96
654 430 825 480 nrrsronn
848 433 979 480 cinon.

342 592 524 676 phetarum
557 592 721 675 priorum,
757 600 792 656 et
825 592 918 656 facta
947 597 1000 655 est
1030 590 1082 654 ira
1112 606 1241 671 magna
1274 609 1296 652 a

344 694 494 757 Domino
517 694 764 774 omnipotente.
817 693 864 757 Et
884 692 1021 768 iterum,
1037 690 1212 769 Quoniam
1235 689 1295 770 qui

343 794 584 874 loquebantur,
606 792 714 857 locuti
736 799 819 856 sunt
840 792 1028 868 molestias,
1043 797 1078 854 et
1097 789 1206 853 divini
1219 789 1297 853 visa

343 891 446 970 salsa,
467 900 503 957 et
524 894 660 958 somnia
681 893 771 964 falsa
791 893 1033 974 loquebantur,
1048 898 1083 955 et
1099 908 1189 954 vana
1211 908 1295 952 con-

344 992 567 1072 solabantur3
603 1000 745 1075 propter
774 992 840 1057 hoc
871 991 958 1056 aridi
984 991 1067 1055 facti
1092 996 1174 1053 sunt
1204 989 1296 1054 sicut
1325 1003 1339 1047 5

344 1112 439 1170 oves,
463 1099 498 1156 et
521 1092 639 1157 afflicti
663 1099 745 1157 sunt
769 1093 932 1175 quoniam
958 1112 1028 1156 non
1052 1096 1127 1154 erat
1149 1090 1294 1153 sanitas,

344 1192 456 1275 Super
469 1200 627 1275 pastores
643 1199 853 1257 exacervate
873 1199 928 1257 est
947 1190 1127 1256 iracundia
1148 1209 1236 1267 mea,
1260 1196 1296 1253 et

344 1311 448 1375 super
478 1312 588 1374 agnos
611 1292 772 1357 visitabo.
826 1292 873 1356 Et
890 1299 970 1375 post
989 1310 1112 1375 pauca,
1136 1289 1220 1354 Vox
1242 1289 1297 1353 la-

343 1393 572 1457 mentantium
587 1399 778 1475 pastorum,
788 1393 871 1474 quia
884 1393 1010 1456 misera
1023 1392 1118 1456 facta
1132 1396 1186 1454 est
1196 1408 1295 1472 mag-

344 1493 465 1565 nitudo
488 1513 618 1557 eorum.
671 1492 755 1556 Vox
790 1492 1000 1574 rugientium
1030 1492 1181 1569 leonum,
1208 1510 1294 1572 quo·
1308 1507 1343 1552 1o

344 1594 437 1656 niam
460 1593 565 1656 miser
585 1592 699 1657 factus
719 1599 773 1657 est
796 1593 959 1657 decursus
975 1592 998 1656 J
1001 1591 1152 1657 ordanis
1204 1589 1295 1653 Haec

343 1693 428 1764 dicit
450 1692 621 1757 Dominus
647 1694 876 1782 omnipotens,
901 1692 971 1770 Qui
994 1691 1219 1776 possidebant
1240 1691 1295 1754 in-

344 1792 572 1871 terficiebant,
588 1800 623 1858 et
638 1812 708 1856 non
731 1793 896 1875 poenituit
919 1812 998 1872 eos3
1021 1800 1068 1871 et,
1093 1792 1153 1874 qui
1167 1791 1295 1854 vende·

344 1892 429 1966 bant
443 1911 515 1971 eas,
531 1893 704 1971 dicebant,
720 1893 930 1957 Benedictus
946 1892 1128 1970 DominuS,
1140 1896 1179 1954 et
1194 1891 1295 1954 ditati

344 2012 475 2070 snmus,
491 2000 526 2058 et
542 2000 699 2076 pastores
722 2013 841 2057 earum
864 1993 950 2056 nihil
962 1995 1055 2076 passi
1071 1998 1154 2063 sunt
1175 1991 1211 2054 in
1233 1991 1294 2055 eis.
1309 2007 1342 2052 us

345 2094 494 2176 Propter
507 2094 599 2176 quod
614 2113 684 2158 non
697 2113 838 2176 parcam
847 2093 923 2179 jam
938 2113 1042 2176 super
1061 2093 1301 2157 inhabitantes.

343 2200 483 2271 terram,
499 2194 582 2258 dicit
599 2194 781 2259 Dominus.

396 2293 484 2378 §aa
508 2293 601 2372 Quid
626 2300 797 2376 praeterea
823 2299 965 2358 sanctus
993 2292 1186 2358 Malachias
1215 2313 1298 2377 pro-.

344 2392 450 2476 pheta
464 2395 563 2466 uobis
583 2393 854 2472 denunciaverit,
870 2394 999 2471 audite,
1015 2393 1103 2471 Vos,
1123 2393 1296 2476 inquienS,

345 2494 541 2558 sacerdotes
555 2495 614 2577 qui
638 2494 800 2576 spernitis
816 2514 941 2558 nomen
956 2514 1081 2570 meum,
1096 2500 1132 2557 et
1145 2493 1295 2571 dixistis,
1309 2506 1344 2551 aa

346 2592 391 2657 In
413 2615 482 2677 quo
505 2595 698 2676 spernimus
719 2614 842 2658 nomen
869 2597 990 2658 tuuml
1045 2593 1227 2657 Offerendo
1251 2594 1295 2656 ad

345 2695 454 2759 altare
476 2715 590 2758 meum
614 2714 722 2776 panes
742 2696 914 2778 pollut0s;
938 2703 973 2759 et
996 2694 1145 2770 dixistis
1167 2694 1204 2755 in
1226 2713 1299 2774 quo

345 2796 530 2876 polluimus
546 2798 630 2859 eost
684 2794 728 2857 In
746 2815 786 2858 eo
802 2795 894 2877 quod
914 2794 1064 2870 dixistis,
1081 2794 1207 2857 Mensa
1221 2793 1295 2857 Do-

345 2895 428 2956 mini
443 2916 505 2978 pro
521 2896 627 2957 nihilo
643 2901 708 2971 est,
724 2902 759 2958 et
774 2914 852 2976 quae
870 2895 1087 2976 superposita
1102 2901 1184 2956 sunt
1199 2914 1295 2975 spre-

345 2995 464 3074 vistis3
489 2996 651 3076 quoniam
667 2996 697 3056 si
713 2995 891 3058 adducatis
908 3014 1036 3058 caecum
1052 2994 1096 3057 ad
1107 2993 1296 3071 victimam,
1309 3005 1344 3055 25.

345 3114 459 3157 nonne
482 3096 634 3157 maluml
688 3093 782 3163 Offer
801 3095 919 3176 itaque
933 3095 1019 3157 illud
1033 3094 1220 3178 praeposito
1235 3101 1300 3158 tuo

346 3195 375 3256 si
391 3195 556 3276 suscipiet
570 3194 669 3270 illud,
683 3194 713 3257 si
728 3195 873 3276 accipiet
886 3215 1070 3277 personam
1090 3202 1197 3271 tuam,
1213 3195 1297 3258 dicit

345 3294 516 3358 Dominus
542 3295 770 3376 omnipotens
823 3296 871 3357 Et
893 3316 983 3359 nunc
1005 3302 1147 3358 exorate
1173 3295 1297 3358 faciem

345 3395 413 3459 Dei
428 3395 547 3471 vestri,
562 3404 597 3459 et
610 3395 842 3476 deprecamini
863 3415 939 3458 eum
954 3415 962 3473 ;
986 3395 1022 3457 in
1044 3397 1202 3458 manibus
1218 3414 1296 3460 ves-

345 3496 408 3558 tris
424 3496 517 3559 facta
533 3502 615 3558 sunt
628 3495 713 3570 haec,
731 3496 761 3558 si
775 3496 941 3576 accipiam
958 3515 1002 3558 ex
1019 3495 1116 3559 vobis
1130 3514 1296 3577 personas
1311 3508 1342 3553 ao

345 3603 491 3659 vestras
545 3596 591 3659 Et
606 3595 742 3671 iterum,
759 3595 806 3658 Et
819 3595 985 3658 intulistis
1001 3595 1043 3658 de
1057 3595 1179 3677 rapina
1202 3596 1297 3659 clau-

346 3694 427 3756 dum
444 3702 479 3758 et
494 3694 708 3776 languidum,
720 3701 755 3758 et
766 3695 932 3758 intulistis
947 3715 1082 3758 munus
1130 3695 1299 3777 Nunquid

346 3795 532 3875 suscipiam
556 3795 641 3857 illud
666 3795 709 3859 de
734 3815 839 3858 manu
853 3799 995 3860 vestra?
1015 3796 1097 3859 dicit
1113 3796 1297 3859 Dominus

346 3893 556 3957 Maledictus
575 3895 726 3972 dolosnS,
743 3896 801 3977 qui
815 3896 920 3959 habet
943 3897 979 3959 in
1002 3915 1107 3977 grege
1121 3915 1184 3959 suo
1206 3915 1298 3960 mas·

382 4160 436 4210 ”Et
455 4169 526 4225 post.
540 4201 547 4216 .
561 4163 716 4226 ‚Doraiaas.]
751 4163 806 4211 Om.
872 4162 892 4192 ¹⁸
903 4163 1061 4225 Matreium]
1075 4164 1092 4212 i.
1104 4167 1129 4225 6,
1142 4167 1188 4222 12;
1200 4164 1254 4212 viii.
1267 4166 1298 4223 l,

351 4233 381 4282 ν.
834 4235 943 4296 aaa
960 4236 1085 4295 naara.
