2940 4884
327 424 372 487 94
638 436 810 485 nvisrom
833 437 964 486 cinna.

328 597 472 660 eoruml
525 595 822 675 Quemadmodum
837 594 1061 660 comederunt
1071 611 1194 658 carnes
1207 595 1281 678 ple-

328 697 382 760 bis
405 715 505 775 meae,
531 703 567 761 et
589 696 697 779 pelles
720 715 840 759 eorum
863 695 980 760 abeis
1003 695 1281 773 excoriaverunt,

329 815 411 861 ossa
436 816 556 861 eorum
585 795 830 878 confregerunt
858 801 895 860 et
923 795 1155 873 laniaverunt,
1180 798 1281 878 quasi

328 916 451 962 carnes
475 896 512 960 in
534 895 626 977 olla3
658 894 921 960 succlamabunt
945 895 989 959 ad
1016 895 1131 959 Deum
1152 902 1187 960 et
1210 916 1280 960 non

329 997 493 1062 exaudiet
507 1015 579 1073 eos,
594 1003 629 1061 et
643 1002 778 1061 avertet
792 995 914 1060 faciem
929 1014 1028 1059 suam
1042 996 1086 1059 ab
1101 993 1151 1059 eis
1167 994 1204 1058 in
1219 995 1280 1060 illo
1310 1015 1325 1057 s

329 1105 495 1180 tempore,
522 1095 783 1179 propterquod
820 1095 992 1160 malitiose
1027 1102 1208 1178 gessemmt
1243 1096 1281 1160 in

330 1197 631 1262 adinventionibus
668 1196 740 1260 suis
778 1215 883 1279 super
913 1196 1020 1278 ipsos.
1072 1194 1163 1261 Haec
1197 1195 1282 1261 dicit

330 1297 502 1362 Dominus
523 1317 628 1379 super
639 1296 839 1380 prophetas,
854 1297 913 1379 qui
927 1296 1098 1360 seducunt
1112 1296 1280 1378 populum

329 1402 455 1476 meum,
479 1397 540 1480 qui
564 1397 723 1462 mordent
744 1395 904 1460 dentibus
925 1396 1009 1473 suis,
1031 1402 1066 1460 et
1090 1396 1283 1478 praedicant

330 1497 367 1560 in
382 1517 460 1561 eum
473 1517 606 1582 pacem,
622 1503 658 1562 et
674 1516 744 1560 non
759 1505 812 1560 est
827 1496 911 1561 data
920 1496 958 1560 in
970 1515 1010 1559 os
1025 1515 1162 1576 eorum3
1186 1495 1281 1560 exci·
1294 1513 1327 1558 ro

330 1598 404 1662 tavi
417 1597 454 1660 in
468 1618 546 1662 eum
561 1596 701 1661 bellum.
754 1595 945 1678 Propterea
959 1615 1031 1660 nox
1045 1595 1111 1659 erit
1122 1595 1219 1660 vobis
1236 1616 1282 1661 ex

332 1697 475 1775 visione,
489 1704 526 1762 et
537 1697 690 1761 tenebrae
706 1697 803 1760 vobis
826 1703 929 1761 erunt
942 1715 988 1760 ex
1006 1694 1231 1774 divinatione,
1245 1704 1283 1760 et

330 1797 463 1861 occidet
498 1796 552 1863 sol
581 1816 686 1879 super
712 1796 912 1879 prophetas,
939 1802 976 1860 et
1002 1797 1284 1862 contenebrescet

331 1915 435 1980 snper
458 1915 517 1960 eos
539 1897 625 1974 dies,
639 1903 676 1961 et
688 1896 944 1960 confundentur
956 1895 1114 1961 videntes
1135 1896 1282 1975 somnia,

331 2003 368 2061 et
391 1997 637 2062 deridebuntur
657 1996 778 2074 divini,
794 2004 830 2062 et
852 1997 1095 2061 obtrectabunt
1116 1996 1325 2061 adversusrs

331 2117 451 2163 omnes
473 2097 561 2180 ipsi;
586 2097 750 2180 quoniam
773 2117 842 2161 non
865 2097 931 2161 erit
945 2097 1005 2179 qui
1029 2096 1194 2161 exaudiat
1210 2116 1283 2175 eos,

331 2197 362 2260 si
378 2217 447 2262 non
464 2217 529 2279 ego
543 2197 731 2280 implevero
747 2196 984 2262 fortitudinem
1006 2195 1043 2260 in
1060 2196 1192 2279 Spiritu
1207 2184 1282 2262 Do·

331 2297 416 2360 mini
430 2305 465 2362 et
474 2297 607 2381 judicio
630 2304 665 2361 et
686 2304 872 2380 potestate,
887 2304 928 2361 nt
939 2292 1149 2360 annunciem
1165 2297 1282 2362 domui

331 2395 443 2462 Jacob
481 2396 677 2479 impietates
707 2416 802 2475 suas,
832 2403 867 2461 et
897 2397 1008 2461 Israel
1034 2404 1179 2479 peccata
1205 2417 1281 2463 sua.

331 2493 461 2561 Audite
480 2497 555 2560 haec
577 2498 695 2578 itaque
710 2497 814 2561 duces
829 2497 950 2561 domus
965 2496 1089 2575 Jacob,
1105 2503 1140 2562 et
1155 2497 1283 2562 residui
1294 2514 1326 2560 aa

330 2597 451 2661 domus
466 2597 589 2673 Israel,
610 2598 669 2678 qui
689 2598 932 2661 abominamini
951 2597 1131 2681 judicium,
1152 2606 1187 2662 et
1209 2619 1281 2662 om-

331 2698 389 2761 nia
412 2704 507 2762 recta
528 2697 737 2779 pervertitis,
753 2699 812 2780 qui
834 2698 1013 2761 aedificatis
1036 2698 1120 2762 Sion
1141 2698 1178 2761 in
1200 2717 1281 2761 san·

330 2797 435 2878 guine
458 2806 493 2862 et
515 2797 709 2861 Jerusalem
734 2799 770 2862 in
794 2798 1055 2879 iniquitatibus3
1079 2799 1183 2862 duces
1206 2799 1282 2882 ejus

331 2916 408 2959 cum
431 2898 630 2960 muneribus
648 2898 820 2981 judicant,
836 2906 871 2962 et
884 2899 1080 2962 sacerdotes
1104 2898 1179 2981 ejus
1203 2918 1282 2962 cum

330 2998 485 3060 mercede
509 2998 775 3078 respondebant,
790 3005 825 3062 et
839 2999 1016 3080 prophetae
1031 2998 1106 3082 ejus
1129 3018 1206 3061 cum
1220 3019 1281 3081 pe·
1294 3012 1326 3057 25

331 3098 433 3159 cunia
460 3096 676 3174 divinabant,
704 3105 739 3160 et
766 3098 802 3160 in
827 3099 977 3162 Domino
1006 3098 1281 3180 requiescebant,

331 3194 495 3274 dicentes
522 3196 649 3260 Nonne
680 3197 852 3261 Dominus
874 3199 910 3261 in
939 3199 1038 3261 nobis
1067 3200 1144 3262 esti
1198 3198 1281 3264 Non

331 3297 471 3361 venient
486 3317 590 3379 super
612 3316 675 3360 nos
698 3298 801 3361 mala.
856 3297 940 3362 Ideo
958 3305 1099 3381 propter
1111 3319 1175 3363 vos
1197 3299 1282 3363 Sion

331 3398 420 3460 sicut
444 3417 528 3479 ager
553 3398 718 3474 arabitur,
743 3405 778 3461 et
803 3398 997 3462 Jerusalem
1028 3399 1119 3461 sicut
1141 3400 1282 3481 specula

331 3498 477 3578 pomarii
502 3498 579 3575 erit,
601 3481 757 3562 etffnons
780 3499 901 3562 domus
924 3499 1014 3563 sicut
1038 3498 1134 3561 locus
1159 3500 1280 3582 sylvae.
1296 3513 1328 3557 eo

331 3597 378 3660 Et
393 3604 472 3679 post
488 3597 775 3678 aliquanta,.Heu
791 3599 864 3661 me!
882 3597 1086 3680 quiefactus
1102 3618 1177 3661 sum
1193 3601 1283 3665 sieut

331 3696 390 3777 qui
413 3697 546 3778 colligit
566 3697 730 3779 stipulam
754 3699 790 3760 in
814 3717 937 3775 messe,
952 3705 987 3760 et
1011 3698 1101 3761 sicut
1126 3717 1282 3762 racemus
1341 3778 1342 3781 Ἴ

330 3796 366 3856 in
377 3796 560 3873 vindemia,
575 3816 652 3860 cum
668 3817 737 3860 non
752 3799 797 3861 sit
812 3799 932 3861 botrus
947 3798 991 3860 ad
1006 3798 1282 3862 manducandum

331 3896 517 3975 primitiva.
570 3895 653 3960 Heu
677 3898 752 3961 me!
777 3899 893 3962 anima
916 3899 998 3980 quia
1019 3897 1122 3980 periit
1137 3900 1282 3964 terrenis

592 4198 678 4251 ffloec
692 4239 698 4252 .
712 4237 718 4252 .
733 4239 739 4252 .
751 4198 898 4271 praeparat]
920 4206 974 4254 Ova.
988 4204 1018 4254 V.
