2940 4884
496 404 671 453 anrsronn
694 405 824 454 orcum.
1094 377 1138 459 89

185 563 326 641 offerat3
362 563 422 643 qui
451 563 652 628 recordatur
673 563 797 641 thuris,
822 565 922 647 quasi
948 567 1008 648 qui
1032 569 1136 632 bene·

183 662 278 728 dicat
301 662 405 726 idolo.
458 662 548 727 Haec
572 664 688 727 omnia
711 663 890 746 elegerunt
911 666 948 729 in
963 668 1028 731 viis
1051 669 1136 747 suiS,

184 763 270 826 etin
284 764 598 828 abominationibus
612 765 684 828 suis
701 764 818 830 anima
832 786 950 830 eorum
964 768 1137 832 delectata

183 870 249 927 est·

154 979 170 1024 s
236 961 253 1046 §
269 962 323 1026 80.
339 962 362 1026 J
365 963 509 1028 eremias
525 984 661 1047 quoque
676 965 775 1048 virgo
789 965 1037 1049 prophetaque,
1052 966 1135 1049 quid
1148 987 1262 1036 bremun,

183 1062 425 1145 insipientibus
439 1065 603 1146 loquatur
617 1067 825 1147 pastoribus
838 1067 1019 1132 attendite.
1044 1065 1082 1128 H
1084 1087 1135 1132 aec

184 1162 268 1227 dicit
290 1163 473 1242 Dominus,
493 1164 585 1242 Quid
608 1165 815 1230 invenerunt
837 1173 953 1248 patres
968 1168 1076 1232 vestri
1098 1167 1135 1230 in

184 1282 239 1325 me
253 1263 458 1345 iniquitatis
474 1266 557 1346 quia
579 1265 829 1347 elongaverunt
844 1285 866 1329 a
880 1286 946 1344 me,
965 1275 1000 1331 et
1014 1268 1134 1330 ambu=

184 1362 343 1428 laverunt
357 1373 437 1446 post
450 1365 653 1442 vanitatem,
676 1373 712 1428 et
726 1366 808 1429 vani
822 1365 907 1428 sacti
924 1369 1034 1431 sunti
1087 1367 1134 1431 Et

140 1477 171 1533 io
184 1464 288 1545 paulo
323 1472 416 1547 post,
454 1465 502 1528 Et
537 1464 685 1547 ingressi
707 1467 969 1530 contaminastis
1006 1474 1134 1530 terram

184 1567 306 1641 meam,
326 1571 362 1629 et
383 1565 608 1628 hereditatem
630 1584 741 1628 meam
763 1567 928 1648 posuistis
950 1568 987 1630 in
1003 1568 1134 1631 abomi-

184 1664 371 1729 nationem.
423 1664 625 1729 Sacerdotes
640 1685 709 1729 non
728 1665 902 1744 dixerunt,
918 1668 977 1730 ubi
991 1675 1045 1731 est
1060 1667 1137 1731 Do*

184 1764 324 1829 minus?
347 1771 388 1829 et·
399 1772 556 1829 tenentes
577 1765 690 1846 legem
712 1767 909 1830 nescierunt
922 1787 988 1844 me,
1004 1774 1040 1830 et
1054 1786 1135 1849 pas-

184 1871 277 1927 tores
290 1864 509 1948 praevaricati
531 1873 613 1930 sunt
627 1866 671 1928 in
692 1887 758 1931 me.
811 1867 1001 1949 Propterea
1022 1867 1135 1931 adhuc

141 1981 172 2032 15
180 1964 312 2048 judicio
342 1965 548 2029 contendam
584 1966 774 2044 vobiscum,
804 1967 854 2030 ait
883 1966 1066 2045 Dominus,
1100 1975 1135 2030 et

185 2084 263 2128 cum
301 2065 381 2129 filiis
409 2066 534 2130 vestris
562 2064 773 2148 disceptabo,
826 2066 916 2129 Item
953 2074 1033 2148 post
1071 2067 1137 2130 ali·-

186 2173 329 2247 quanta,
353 2167 482 2248 Stupor
505 2173 540 2229 et
562 2165 732 2230 mirabilia
752 2166 845 2230 facta
867 2166 1006 2229 suntin
1029 2174 1134 2245 terra,

185 2265 363 2348 prophetae
385 2267 623 2349 praedicabant
637 2266 864 2344 mendacium,
887 2274 923 2330 et
937 2266 1135 2330 sacerdotes

183 2367 439 2448 applaudebant
460 2367 618 2431 manibus
640 2367 724 2445 suis,
739 2374 774 2430 et
791 2366 940 2449 populus
963 2385 1059 2430 meus
1082 2367 1135 2430 dia

138 2465 269 2532 aolexit
282 2467 378 2531 talia
431 2466 524 2545 Quid
547 2467 655 2548 igitur
670 2466 729 2532 fiet
751 2466 787 2530 in
810 2467 1006 2532 novissimis
1031 2466 1132 2551 ejusi

185 2565 250 2629 Cui
272 2566 395 2649 loquar
409 2574 444 2631 et
459 2568 691 2645 contestabor,
705 2575 744 2632 ut
767 2567 910 2631 audiatt
964 2567 1064 2644 Ecce,
1079 2568 1132 2630 in·

183 2667 392 2730 circumcisae
414 2686 514 2730 aures
536 2686 666 2744 eorum,
689 2676 724 2732 et
747 2667 865 2731 audire
880 2687 950 2731 non
975 2674 1132 2749 possunt.

184 2766 285 2844 Ecce,
301 2769 444 2832 verbum
466 2766 608 2831 Domini
630 2765 760 2832 factum
782 2777 836 2832 est
857 2767 925 2830 illis
948 2767 985 2830 in
1007 2786 1133 2850 oppro-

183 2866 306 2945 brium,
332 2875 368 2931 et
393 2888 462 2931 non
485 2866 679 2950 suscipiunt
701 2868 809 2948 illud;
842 2868 925 2950 quia
948 2868 1133 2932 extendam

138 2985 170 3030 as
183 2986 322 3030 manum
336 2988 448 3032 meam
470 2987 574 3051 super
588 2967 784 3033 habitantes
806 2977 945 3045 terram,
961 2968 1045 3032 dicit
1058 2968 1132 3033 Do·

183 3067 308 3132 minus.
360 3065 394 3132 A
425 3068 556 3132 minore
585 3069 711 3150 quippe
740 3088 849 3151 usque
886 3069 929 3132 ad
967 3068 1135 3152 majorem·

183 3187 301 3232 omnes
316 3168 472 3232 avaritiae
494 3169 646 3246 student,
666 3177 702 3233 et
724 3189 746 3232 a
766 3169 936 3253 propheta
957 3188 1066 3250 usque
1089 3168 1133 3232 ad

183 3268 395 3332 sacerdotem
420 3270 535 3333 cuncti
559 3268 692 3333 faciunt
714 3268 842 3333 dolum.
895 3269 942 3333 Et
965 3269 1133 3334 curabant

183 3368 423 3431 contritionem
445 3367 525 3431 filiae
547 3369 667 3450 populi
688 3369 755 3432 mei
778 3389 855 3432 cum
878 3367 1068 3450 ignominia
1080 3368 1132 3432 di·

138 3474 311 3544 nocentes,
329 3467 419 3544 Pax,
434 3485 516 3549 pax,
531 3475 567 3531 et
582 3487 652 3531 non
665 3468 731 3531 erit
743 3487 826 3552 pax.
880 3467 1024 3532 Consusi
1039 3475 1132 3546 sunt,

183 3569 243 3649 qui
265 3567 554 3633 abominationem
576 3567 743 3631 fecerunt.
796 3567 891 3645 Quin
913 3568 1028 3650 potius
1050 3587 1132 3632 con-

183 3667 318 3732 fusione
347 3687 416 3731 non
446 3674 528 3731 sunt
557 3667 704 3744 confusi,
729 3676 765 3731 et
794 3668 993 3732 erubescere
1022 3669 1132 3733 nesci·

183 3776 295 3833 erunt.
348 3767 580 3845 Quamobrem
592 3768 715 3833 cadent
727 3767 819 3832 inter
833 3776 984 3846 ruentes,
997 3769 1033 3831 in
1046 3776 1132 3832 tem-

182 3889 266 3952 pore
280 3867 490 3934 visitationis
512 3887 630 3931 eorum
656 3876 827 3948 corruent,
852 3869 937 3933 dicit
951 3869 1132 3934 Dominus.

217 4131 381 4205 waramum]
412 4137 501 4186 Ierem.
525 4139 553 4188 ii.
574 4144 599 4199 5,
621 4142 646 4199 7,
673 4153 698 4186 x.
720 4141 766 4197 3⁰3
783 4138 819 4186 xi.
839 4141 886 4196 ¹53
907 4137 953 4186 xii.
973 4140 1004 4196 93
1022 4136 1073 4185 xiv.
1094 4140 1135 4198 1⁰,

183 4214 214 4268 ος
232 4224 255 4258 ν.
269 4213 315 4271 30;
333 4209 366 4258 vi.
381 4210 583 4271 lo,12,28;vii.
598 4212 646 4270 113
674 4211 720 4268 133
738 4208 811 4257 xxiii.
824 4211 849 4269 l,
860 4211 906 4257 etc.
