2940 4884
561 415 733 464 umerum
757 417 887 465 omum.
1158 405 1202 467 63

245 571 401 653 iniquum
437 573 608 654 persecuti
640 581 733 639 sunt.
786 574 859 638 Sibi
891 582 1136 658 regnaverunt,
1165 583 1201 640 et

247 692 317 736 non
346 690 408 754 per
436 692 513 752 me;
551 680 738 738 tenuerunt
773 676 1017 758 principatum,
1046 696 1109 739 nec
1144 696 1200 740 me

131 778 133 783 ‘
248 778 429 836 noverunt.

299 871 386 955 §53.
410 871 478 935 Sed
507 880 542 936 et
570 880 729 937 sanctum
757 872 867 938 Amos
893 876 1109 957 prophetam,
1135 876 1316 946 hocraage.

219 972 350 1039 amodo
371 972 571 1050 minantem,
602 973 729 1050 audite,
754 974 803 1038 ·In
826 976 936 1038 tribus
964 977 1199 1058 impietatibus
1212 948 1349 988 mm

248 1071 395 1135 filiorum
422 1072 445 1136 J
448 1073 528 1150 uda,
558 1075 652 1137 etin
678 1081 827 1154 quatuor
851 1094 922 1137 non
947 1082 1101 1140 avertam
1128 1095 1199 1155 eos,

248 1179 388 1254 propter
414 1172 506 1256 quod
530 1173 731 1256 repulerunt
746 1175 858 1257 legem
880 1173 1034 1253 Domini,
1057 1182 1093 1239 et
1109 1195 1199 1257 prae-

249 1278 351 1354 cepta
365 1293 435 1337 non
455 1273 703 1351 custodierunt,
725 1274 786 1338 sed
804 1275 1018 1340 seduxerunt
1032 1295 1091 1340 eos
1107 1295 1200 1339 vana

248 1390 377 1437 eorum.
430 1372 477 1436 Et
511 1374 667 1438 emittam
694 1373 810 1455 ignem
847 1394 951 1458 super
987 1376 1011 1440 J
1013 1377 1128 1452 udam,
1165 1382 1200 1439 et

204 1488 236 1535 lo
249 1472 405 1536 comedet
417 1472 642 1537 fundamenta
663 1473 687 1537 J
689 1475 870 1540 erusalem.
922 1474 1014 1539 Haec
1027 1475 1110 1540 dicit
1125 1474 1199 1539 Do·

248 1572 374 1650 minus,
398 1572 443 1636 In
465 1574 575 1637 tribus
595 1574 829 1657 impietatibus
854 1574 977 1653 Israel,
997 1582 1033 1639 et
1054 1577 1090 1638 in
1113 1594 1199 1658 qua-

249 1678 329 1736 tuor
351 1693 421 1736 non
437 1681 592 1739 avertam
615 1693 686 1752 eos,
709 1682 850 1758 propter
871 1675 964 1758 quod
985 1675 1201 1741 tradiderunt

249 1772 397 1854 pecunia
420 1773 568 1857 justum,
591 1781 627 1838 et
649 1794 836 1857 pauperem
863 1795 925 1857 pro
954 1776 1200 1854 calciamentis,

250 1890 328 1953 quae
352 1873 500 1938 calciant
528 1894 632 1958 super
653 1876 833 1960 pulverem,
853 1882 967 1953 terrae,
988 1882 1025 1941 et
1046 1875 1200 1958 colaphis

206 1985 237 2031 1⁵
250 1972 430 2037 caedebant
457 1975 573 2056 capita
603 1974 805 2057 pauperum,
834 1982 870 2038 et
897 1977 990 2040 viam
1021 1975 1201 2039 humilium

249 2072 520 2138 declinaverunt.
574 2075 621 2138 Et
645 2081 872 2158 postpauca,
897 2074 1053 2153 Quaerite
1079 2075 1200 2139 Domi-

249 2192 332 2237 num
347 2180 383 2236 et
396 2174 532 2252 vivetiS,
552 2180 677 2238 utnon
697 2176 849 2241 reluceat
864 2174 953 2239 sieut
974 2175 1065 2257 ignis
1079 2175 1201 2244 domus

249 2271 395 2356 Joseph,
417 2281 453 2337 et
475 2260 640 2338 comedat'
654 2294 742 2352 eam,
765 2293 829 2339 nec
845 2275 910 2340 erit
932 2276 992 2358 qui
1005 2275 1200 2358 extinguat.

251 2371 386 2436 Domus
417 2373 528 2438 Israel
555 2374 634 2439 odio
664 2374 859 2440 habuerunt
886 2375 923 2438 in
950 2376 1201 2458 portisredare

206 2487 239 2534 ao
251 2480 427 2555 guentam,
443 2482 479 2539 et
491 2476 635 2539 verbum
642 2473 777 2558 justum
786 2475 975 2543 abominati
984 2483 1077 2542 sunta
1096 2508 1098 2512 ¹
1117 2475 1202 2554 ,Qui
1271 2466 1274 2470 ’

250 2569 362 2638 Amos
378 2574 570 2656 prohibitus
584 2595 628 2639 ne
642 2575 865 2658 prophetaret
883 2577 919 2640 in
934 2577 1056 2652 Israel,
1072 2577 1202 2658 absque

250 2673 460 2739 adulationis
481 2682 601 2758 tepore
615 2675 848 2757 respondens,¹
862 2674 945 2742 Non
958 2695 1063 2753 eram,
1077 2677 1202 2759 inquit,

251 2792 317 2854 ego
332 2774 512 2857 propheta,
535 2794 599 2838 nec
613 2773 704 2838 filiu‘s
726 2774 916 2858 prophetae,
939 2775 996 2838 sed
1013 2794 1202 2858 erampas-

251 2880 307 2938 tor
321 2875 498 2957 caprarius
512 2875 678 2940 vellicans
700 2894 919 2959 sycomoroS,
933 2881 968 2940 et
981 2876 1132 2959 suscepit
1146 2896 1202 2940 me

208 2981 239 3026 2⁵
252 2972 423 3038 Dominus
445 2976 490 3039 ab
520 2976 655 3053 ovibus,
683 2982 719 3039 et
747 2976 837 3041 dixit
865 2975 1035 3044 Dominus
1062 2975 1106 3039 ad
1135 2969 1225 3054 me,
1310 3034 1312 3040 .
1354 3031 1358 3044 .,

253 3073 353 3139 Vade
380 3082 415 3139 et
437 3076 639 3159 prophetiza
662 3076 699 3140 in
721 3075 1138 3159 plebemtmeamlsrael,
1167 3084 1201 3144 et

252 3193 344 3239 nunc
366 3176 448 3241 audi
469 3178 612 3241 verbum
634 3176 787 3241 Domini.
840 3175 974 3258 Regem
987 3194 1136 3260 namque
1150 3177 1201 3240 al-

252 3274 470 3358 loquebatur,
486 3277 542 3340 Tu
556 3277 654 3354 dicis,
671 3277 743 3340 noli
757 3276 963 3359 prophetare
977 3277 1013 3341 in
1029 3277 1151 3353 Israel,
1168 3284 1203 3342 et

254 3395 323 3439 non
338 3395 528 3457 congreges
542 3376 663 3440 turbas
678 3376 714 3439 in
727 3376 866 3440 domum
880 3374 1006 3440 Jacob..
1055 3375 1204 3457 Propter
1276 3405 1280 3410 ·

210 3475 347 3559 eoquod
370 3474 551 3540 haecdicit
576 3475 760 3552 DominuS,
791 3475 892 3539 Uxor
916 3482 978 3539 tua
992 3475 1037 3539 'in
1062 3475 1204 3543 civitate

254 3575 538 3654 meretricabitur,
561 3575 679 3640 attilii
700 3575 752 3639 tui
774 3582 810 3639 et
823 3575 904 3639 ffliae
922 3583 992 3639 tuae
1014 3575 1131 3656 gladio
1146 3594 1204 3642 ca·

254 3676 349 3754 dent,
380 3683 416 3741 et
442 3683 536 3741 terra
561 3683 622 3740 tua
649 3675 802 3741 funiculo
830 3676 1002 3753 metietur,
1036 3682 1071 3739 et
1100 3683 1139 3740 tu
1168 3676 1205 3742 in

254 3781 349 3841 terra
370 3776 546 3841 immunda
572 3776 737 3853 morieris,
767 3776 878 3841 Israel
907 3784 1022 3849 autem
1047 3776 1205 3859 captivus

255 3875 400 3941 ducetur
414 3898 436 3942 a
446 3884 539 3941 terra
549 3896 623 3941 sua.
669 3877 715 3941 Et
728 3877 832 3954 infra,
845 3874 975 3941 Audite
986 3877 1105 3959 itaque
1118 3877 1205 3954 haec,

211 4008 242 4054 35
256 3977 315 4060 qui
338 3979 577 4043 contribulatis
599 3978 747 4041 immane
768 3996 965 4061 pauperem,
993 3984 1028 4041 et
1050 3977 1205 4040 domina-

354 4216 363 4246 ⁴
379 4216 476 4280 Aaron]
494 4217 521 4266 ii.
536 4220 561 4279 4,
573 4221 605 4278 ⁶3
616 4233 641 4268 v.
653 4222 678 4280 6,
690 4221 738 4278 10;
749 4217 794 4266 vii.
808 4220 839 4266 14
850 4233 857 4276 3
868 4217 923 4267 viii.
936 4221 961 4280 4,
972 4220 988 4266 ⁷
998 4233 1006 4276 3
1017 4216 1053 4266 ix.
1065 4219 1107 4265 10.
