2940 4884
499 448 671 497 nrisrom
695 446 824 498 omnm.
1081 424 1141 496 -41

189 612 382 671 contemtor
412 607 584 690 sortisque
613 608 689 692 ejus
717 608 911 691 depressor,
935 606 1142 691 Cuneglase,

191 707 353 771 Romana
383 707 504 790 lingua
535 709 646 773 Lanio
674 708 795 774 fulvel
859 707 978 788 Quare
1006 716 1142 773 tantum

190 815 365 871 certamen
396 815 468 872 tam
498 809 693 873 hominibus
723 828 828 892 quam
857 809 934 874 Deo
965 813 1141 892 praestasl

191 908 398 986 hominibus,
436 910 569 974 civibus
603 911 746 988 scilicet,
788 910 892 974 armis
931 911 1142 988 exitialibus

163 1009 270 1073 ⁵Deo
298 1010 442 1073 infinitis
472 1011 684 1076 sceleribus?
750 1010 844 1088 Quid
878 1017 1006 1093 praeter
1036 1013 1142 1078 innu-

193 1110 373 1174 merabiles
397 1108 511 1189 casuS,
533 1112 674 1194 propria
695 1129 804 1176 uxore
818 1111 932 1194 pulsa,
947 1110 1143 1175 furciferam

194 1229 393 1292 germanam
416 1211 503 1295 ejuS,
527 1218 728 1294 perpetuam
751 1211 829 1275 Deo
844 1211 1023 1275 viduitatis
1039 1213 1144 1276 casti-

194 1310 345 1375 moniam
358 1313 628 1394 promittentem,
642 1319 682 1376 ut
696 1311 808 1376 Poeta
822 1312 883 1389 ait,
898 1331 1066 1376 summam
1082 1332 1145 1377 ceu

194 1409 459 1476 teneritudinem
474 1408 708 1477 coelicolarum
723 1411 963 1496 nympharum,
979 1420 1055 1477 tota
1070 1414 1146 1477 ani·

151 1527 182 1578 ἰο
195 1512 242 1575 mi
256 1514 491 1590 veneratione,
506 1514 562 1577 vel
576 1514 692 1597 potius
715 1513 934 1591 hebetudine,
957 1520 1079 1578 contra
1092 1515 1145 1577 in-

196 1612 379 1677 terdictum
407 1611 570 1696 Apostoli
603 1614 807 1696 denegantis
839 1633 942 1697 posse
972 1614 1147 1678 adulteros

196 1713 295 1794 regni
318 1714 470 1778 coelestis
497 1733 572 1778 esse
599 1715 801 1797 municipes
830 1715 1001 1798 suspicisl
1054 1713 1148 1794 Quid

197 1815 345 1897 gemitus
368 1822 473 1898 atque
488 1815 637 1898 suspiria
654 1822 853 1879 sanctorum
867 1822 1008 1899 propter
1024 1822 1059 1879 te
1073 1835 1148 1880 cor-

197 1915 362 1996 poraliter
383 1916 615 1994 moerentium,
638 1917 713 1986 vice
734 1917 894 1980 immanis
920 1917 1041 1981 leaenae
1064 1917 1149 1980 den-

155 2035 184 2078 1⁵
201 2015 285 2079 tium
294 2035 375 2081 ossa
387 2023 449 2080 tua
463 2012 671 2100 quandoque
680 2017 854 2095 fracturae,
864 2018 992 2081 crebris
1002 2018 1150 2099 instigas

198 2116 358 2199 injuriis?
411 2117 553 2195 Desine,
567 2137 698 2200 quaeso,
713 2124 753 2181 ut
763 2116 941 2200 Propheta
951 2118 1013 2195 ait,
1030 2119 1074 2181 ab
1085 2119 1150 2196 ira,

200 2224 235 2280 et
264 2217 462 2299 derelinque
491 2218 702 2282 exitiabilem
730 2236 772 2282 ac
795 2218 1014 2301 temetipsum
1036 2237 1149 2283 mace-

201 2324 369 2395 raturum,
398 2337 500 2400 quem
524 2318 614 2383 coelo
643 2338 685 2383 ac
714 2324 828 2396 terrae,
862 2317 945 2405 (hoc
977 2326 1031 2383 est
1060 2319 1150 2398 Deo,

199 2418 367 2501 gregique
387 2415 492 2503 ejus,)
509 2420 632 2503 spiraS,
654 2419 814 2483 furorem.
869 2419 941 2483 Fac
961 2439 1020 2484 eos
1034 2419 1151 2503 potius

156 2526 188 2578 ‘m
202 2519 343 2583 mutatis
373 2539 436 2602 pro
463 2527 499 2585 te
529 2539 627 2584 orare
656 2520 820 2598 moribus,
843 2520 968 2602 quibus
995 2527 1151 2603 potestas

203 2620 357 2703 suppetit
378 2640 484 2704 supra
498 2621 663 2684 mundum
678 2621 856 2703 alligandi,
872 2641 950 2685 cum
964 2621 1001 2684 in
1023 2622 1151 2685 mundo

203 2740 280 2785 reos
292 2721 524 2805 alligaverint,
539 2728 575 2785 et
588 2721 757 2798 solvendi,
771 2741 849 2785 cum
862 2722 1072 2804 poenitentes
1083 2722 1152 2800 sol·

196 2823 328 2886 uer-int.
381 2821 477 2901 Noli,
500 2829 540 2886 ut
561 2823 611 2887 ait
625 2821 829 2906 ApostoluS,
851 2824 997 2905 superbe
1020 2842 1153 2906 sapere,

196 2923 260 2986 vel
275 2942 414 3006 sperare
435 2924 472 2986 in
486 2923 618 2988 incerto
633 2923 841 3002 divitiarum,
865 2923 974 2987 sedin
989 2923 1078 3001 Deo,
1094 2923 1154 3006 qui

158 3040 190 3085 as
204 3031 349 3107 praestat
370 3025 434 3089 tibi
446 3025 556 3088 multa
578 3024 727 3102 abunde,
749 3032 790 3089 ut
803 3045 865 3108 per
880 3024 1154 3089 emendationem

206 3145 339 3189 morum
361 3125 572 3190 thesaurizes
593 3127 657 3190 tibi
677 3124 939 3189 fundamentum
966 3127 1095 3189 bonum
1119 3125 1156 3188 in

204 3225 371 3303 futurum,
394 3234 429 3291 et
445 3226 574 3290 habeas
588 3245 706 3291 veram
721 3226 841 3304 vitam,
856 3246 1052 3309 perennem,
1074 3245 1155 3308 pro-

205 3326 308 3403 secto,
331 3346 402 3390 non
430 3327 631 3408 deciduam3
656 3326 810 3409 alioquin
838 3327 937 3404 scieS,
964 3334 1000 3390 et
1024 3326 1156 3390 videbis

200 3427 311 3505 etiam
337 3427 374 3489 in
403 3425 468 3490 hoc
495 3426 623 3504 seculo,
652 3426 913 3509 quammalum
936 3433 971 3491 et
1001 3445 1157 3489 amarum

161 3546 193 3592 eo
206 3527 252 3591 sit
281 3526 461 3609 reliquisse
487 3532 523 3590 te
552 3526 740 3591 Dominum
774 3533 884 3603 tuum,
918 3533 954 3590 et
982 3546 1051 3591 non
1081 3546 1157 3591 esse

244 3815 252 3848 ¹
269 3817 417 3880 Sertaque]
440 3816 488 3876 V.;
501 3815 619 3876 lotisque,
636 3815 670 3864 B.
696 3813 776 3863 mord.
788 3828 815 3874 p.
827 3815 885 3860 54³.

208 3888 293 3938 Usher
303 3889 437 3950 interprete
453 3887 505 3936 this
520 3888 555 3947 by
567 3887 574 3914 ‘
585 3885 671 3948 Cleri,'
732 3881 751 3913 ¹¹
768 3881 901 3946 Apostoli]
919 3881 979 3933 Gal.
991 3897 1016 3932 v.
1028 3885 1069 3932 21.

209 3959 335 4008 Primord.
347 3975 374 4020 p.
386 3962 444 4008 ola.
733 3951 753 3985 ¹⁴
780 3952 959 4016 Maurentium]
987 3953 1159 4016 versantium,

243 4029 252 4063 ¹
273 4029 429 4092 energima]
446 4026 674 4077 SeeUsher'sPri·
698 4024 825 4074 Primord.
837 4038 863 4084 p.
876 4027 934 4073 543.

209 4100 289 4150 mord.
300 4115 327 4161 p.
340 4103 397 4149 643.
735 4092 755 4122 ¹⁵
772 4095 923 4158 Fructum]
942 4093 1074 4155 Praetura,
1091 4092 1121 4143 V.

245 4168 255 4197 ⁴
282 4170 458 4233 Exitiolihus]
483 4167 674 4230 Spiritualibus,
735 4163 755 4196 ¹¹
772 4165 917 4228 Propheta]
936 4164 982 4214 Ps.
994 4164 1083 4212 xxxvi.
1096 4167 1120 4212 8.

209 4242 261 4304 B.;
279 4241 444 4304 specialibus,
460 4240 501 4304 V,
512 4239 605 4302 Usher,
617 4237 675 4288 Pri·
735 4233 755 4264 ¹¹
771 4235 922 4300 Apostolus]
943 4239 955 4284 l
968 4235 1033 4284 Tim.
1045 4235 1080 4285 vi.
1093 4237 1132 4283 17.
