2940 4884
521 439 693 487 nersronn
717 439 847 487 crena.
1116 425 1161 489 43

206 600 316 664 leonis
346 600 382 662 in
410 598 484 662 acie
513 617 722 682 magnopere
757 598 911 681 dispares
946 597 1159 679 visebantur,

207 701 371 765 acerrime
399 718 492 777 ense,
521 699 635 777 hasta,
664 698 750 782 igni,
778 698 1006 782 oppressisti?
1036 719 1159 782 parum

208 803 367 882 cogitans
400 798 639 883 propheticum
669 799 811 878 dictum,
841 799 920 864 Viri
949 802 1158 882 sanguinum

208 908 243 964 et
265 902 375 966 dolosi
397 921 467 965 non
489 901 718 965 dimidiabunt
740 901 928 966 diessuos
982 900 1075 978 Quid
1095 921 1158 984 pro

179 1000 272 1066 shoc
286 1003 360 1066 solo
375 1001 612 1067 retributionis
629 1021 651 1066 a
661 1001 759 1086 justo
771 1001 794 1066 J
796 1000 896 1066 udice
910 1020 1080 1083 sperares,
1092 1004 1159 1066 etsi

207 1122 277 1167 non
302 1103 388 1167 talia
412 1109 649 1185 sequerentur,
673 1121 752 1185 quae
777 1109 897 1167 secuta
921 1108 1014 1179 sunt,
1040 1102 1158 1166 itidem

207 1203 343 1268 dicente
369 1223 431 1286 per
458 1202 682 1286 Prophetam,
703 1202 770 1268 Vae
795 1203 871 1280 tibi,
897 1202 957 1284 qui
979 1202 1157 1285 praedaris

207 1324 322 1368 nonne
345 1311 380 1368 et
401 1304 476 1386 ipse
498 1304 733 1386 praedaberis?
757 1303 868 1386 etqui
883 1302 1023 1381 occidis,
1043 1323 1158 1368 nonne

207 1405 331 1487 etipse
355 1405 543 1469 occideris?
567 1412 696 1469 etcum
718 1404 882 1469 desiveris
898 1404 1058 1487 praedari,
1075 1411 1157 1470 tunc

162 1519 194 1564 ro
208 1505 310 1569 cades
323 1505 350 1569 l’

259 1605 276 1690 ᾗ
298 1605 353 1670 34.
378 1605 533 1670 ‘Nonne
555 1613 742 1689 postquam
765 1605 829 1670 tibi
847 1623 892 1667 ex
909 1612 993 1670 voto
1013 1605 1157 1670 violenti

206 1707 305 1788 regni
339 1706 526 1789 phantasia
558 1707 675 1785 cessit,
709 1705 900 1788 cupiditate
932 1705 1081 1770 inlectus
1111 1706 1157 1770 ad

209 1807 299 1870 viam
314 1807 509 1873 revertendi
524 1815 666 1886 rectam,
683 1807 872 1890 diebusque
887 1825 928 1872 ac
947 1807 1106 1871 noctibus
1120 1807 1156 1870 id

206 1909 382 1991 temporiS,
407 1909 619 1973 conscientia
644 1907 733 1973 forte
761 1908 998 1990 peccaminum
1027 1927 1156 1972 remor-

161 2026 192 2071 15
206 2007 320 2086 dente,
336 2009 379 2072 de
393 2009 515 2073 deifico
530 2015 650 2073 tenore
666 2007 980 2092 monachorumque
998 2009 1155 2086 decretis,

206 2108 270 2172 sub
296 2108 398 2173 dente
420 2110 568 2192 primum
594 2109 704 2173 multa
727 2109 917 2186 ruminans,
943 2109 1023 2172 dein
1045 2128 1156 2192 popu*

205 2209 288 2271 laris
311 2228 405 2273 aurae
429 2209 619 2292 cognitioni
640 2208 830 2292 proferens,
854 2209 1059 2273 monachum
1082 2211 1157 2274 sine

205 2309 277 2373 ullo
299 2309 526 2387 infidelitatis,
550 2316 590 2373 ut
612 2310 741 2387 aiebas,
764 2317 935 2393 respectu,
951 2329 1068 2374 coram
1083 2330 1155 2374 om-

207 2410 387 2493 nipotente
416 2411 506 2489 Deo,
536 2410 702 2492 angelicis
732 2411 886 2475 vultibus
913 2410 1153 2494 humanisque,

160 2525 192 2570 ro
206 2512 329 2593 ruptis,
359 2518 400 2576 ut
428 2513 628 2594 putabatur,
659 2512 893 2594 capacissimis
922 2511 1003 2588 illis,
1029 2512 1154 2595 quibus

205 2612 464 2695 praecipitanter
486 2612 618 2677 involvi
644 2612 758 2677 solent
787 2612 935 2695 pingues
961 2614 1053 2676 tauri
1080 2633 1153 2677 mo·

205 2711 277 2776 duli
302 2714 354 2777 tui
380 2713 533 2793 retibus3
560 2714 671 2777 omnis
694 2712 804 2794 regni,
830 2713 917 2791 auri,
946 2714 1093 2794 argenti,
1119 2721 1155 2778 et

205 2811 315 2898 (quod
338 2814 392 2878 his
421 2814 535 2899 majus
564 2811 648 2898 est,)
679 2814 827 2896 propriae
861 2814 1053 2879 voluntatis
1083 2813 1153 2877 dis÷

204 2913 429 2979 tinctionibus
452 2916 575 2998 ruptiS,
601 2922 768 2998 perpetuo
782 2913 932 2995 vovisti3
956 2921 993 2979 et
1006 2921 1089 2992 tete,
1112 2934 1153 2979 ac

159 3034 190 3079 rs
204 3015 234 3077 si
252 3016 397 3081 stridulo
418 3035 542 3082 cavum
561 3015 662 3099 lapsu
684 3034 797 3079 aerem
815 3015 930 3080 valide
951 3022 1152 3095 sectantem,

205 3133 386 3200 saevosque
413 3118 524 3201 rapidi
554 3116 772 3200 harpagones
801 3117 974 3200 accipitris
1004 3117 1153 3181 sinuosis

203 3215 350 3281 flexibus
372 3220 553 3296 vitantem,
577 3219 622 3282 ad
637 3225 837 3282 sanctorum
859 3218 922 3282 tibi
944 3237 1154 3301 magnopere

205 3315 291 3380 fidas
314 3320 509 3401 speluncas
534 3318 780 3401 refrigeriaque
801 3317 985 3382 salubriter
1007 3320 1153 3402 rapuisti

203 3437 248 3481 ex
269 3437 374 3484 corvo
399 3420 615 3483 columbam?
670 3419 855 3501 Oquanta
872 3418 1026 3482 ecclesiae
1050 3420 1153 3483 matri

157 3533 188 3579 ao
202 3518 337 3597 laetitia,
358 3520 388 3583 si
403 3540 473 3584 non
488 3527 523 3584 te
543 3526 747 3584 cunctorum
766 3519 963 3583 mortalium
985 3519 1095 3584 hostis
1110 3520 1152 3584 de

201 3619 280 3682 sinu
312 3621 563 3704 quodammodo
594 3620 669 3704 ejus
694 3620 888 3702 lugubriter
912 3620 1152 3700 abstraxisset,

201 3719 310 3785 foret!
364 3721 396 3786 0
425 3742 529 3805 quam
559 3721 721 3805 profusus
754 3722 828 3805 spei
862 3721 1015 3785 coelestis
1043 3722 1152 3786 lomes

201 3821 462 3905 desperatorum
484 3823 657 3901 cordibus,
679 3830 715 3888 te
737 3823 773 3886 in
795 3823 895 3887 bonis
917 3830 1152 3905 permanente,

235 4047 243 4078 ¹
268 4050 435 4115 Videbantur]
469 4051 518 4112 V.;
545 4052 665 4101 videban·
725 4048 1153 4116 ¹²lslectns.]1njectus,13.;in-

199 4126 249 4184 tur,
261 4122 295 4170 B.
685 4124 765 4185 jecta,
781 4122 811 4170 V.

235 4189 246 4222 ³
263 4192 458 4257 Prophetiam]
477 4194 523 4242 Ps.
535 4193 569 4243 lv.
581 4197 622 4243 27.
725 4189 745 4219 ²⁸
761 4191 921 4257 Salubriter]
936 4195 991 4245 Om.
1004 4195 1038 4245 Β.

235 4259 245 4292 ⁷
263 4263 432 4327 Prophetam]
451 4265 522 4313 Esai.
535 4264 626 4315 xxxiii.
640 4269 663 4315 1.
