2940 4884
163 1699 265 1747 Parrages

163 1750 218 1788 from

163 1797 269 1838 Ezechiel.

315 405 359 470 98
626 417 798 466 nrisronn
820 415 951 464 ornum.

318 578 409 644 enim
431 578 627 659 egredietur
640 577 741 661 quasi
762 575 854 659 ignis
877 574 1014 651 ardens,
1030 579 1066 637 et
1080 572 1180 655 quasi
1202 591 1271 655 poa

318 679 523 755 lavantium,
546 685 583 743 et
606 678 738 741 sedebit
762 676 917 741 conflans
940 682 976 740 et
1001 674 1193 738 emundans
1215 693 1271 736 ar-

320 787 474 862 gentum,
503 785 538 842 et
566 778 730 861 purgabit
754 777 843 840 filios
871 776 970 853 Levi,
995 783 1030 839 et
1054 775 1184 839 colabit
1211 792 1271 837 eos

321 881 421 962 quasi
436 898 557 943 aurum
571 887 606 942 et
619 877 719 960 quasi
734 883 927 960 argentum.
980 876 1026 939 Et
1048 883 1128 958 post
1147 892 1271 957 pauca,

322 980 552 1045 Invaluerunt
574 997 677 1061 super
698 997 752 1041 me
767 979 874 1042 verba
887 983 1017 1052 vestra,
1040 975 1124 1039 dicit
1149 974 1272 1038 Domi·
1302 988 1317 1031 ⁵

322 1099 399 1158 nus,
424 1087 459 1143 et
488 1079 638 1156 dixistis,
667 1077 792 1142 Vanus
816 1085 870 1142 est
898 1076 959 1160 qui
987 1076 1094 1140 servit
1123 1075 1212 1152 Deo,
1237 1082 1273 1138 et

322 1180 415 1262 qnod
431 1179 710 1256 emolumentum,
726 1177 809 1259 quia
830 1177 1078 1242 custodivimus
1097 1181 1274 1258 praecepta

323 1280 410 1364 ejuS,
437 1287 471 1343 et
487 1280 570 1362 quia
591 1279 842 1343 ambulavimus
864 1297 981 1342 coram
998 1277 1149 1341 Domino
1172 1295 1273 1340 exer-

322 1379 452 1443 cituum
468 1381 595 1444 tristes.
648 1379 742 1461 Ergo
762 1398 853 1442 nunc
866 1379 989 1442 beatos
1003 1377 1155 1441 dicemus
1177 1395 1273 1440 arro-

323 1488 459 1562 ganteS,
482 1480 650 1561 siquidem
673 1479 834 1543 aedificati
854 1486 937 1541 sunt
958 1477 1125 1541 facientes
1146 1476 1273 1560 iniqui·
1287 1489 1319 1532 ro

323 1587 443 1657 tatem,
458 1588 683 1644 tentaverunt
695 1580 821 1656 Deum,
836 1586 871 1643 et
885 1577 974 1642 salvi
989 1577 1073 1642 facti
1085 1584 1179 1642 sunt.

375 1680 462 1763 590.
479 1680 573 1759 Quid
590 1700 673 1745 vero
696 1679 856 1743 Ezechiel
877 1678 1048 1763 propheta
1068 1678 1196 1742 dixerit
1220 1684 1274 1742 at-

324 1780 466 1844 tendite.
518 1779 598 1857 Vae,
612 1779 784 1862 inquiens,
805 1798 908 1862 super
921 1799 975 1843 vae
990 1779 1118 1856 veniet,
1134 1786 1169 1842 et
1185 1798 1274 1841 nun·

325 1881 398 1942 cius
411 1900 516 1962 super
529 1881 693 1944 nuncium
715 1881 793 1958 erit,
807 1888 843 1944 et
865 1886 1040 1962 quaeretur
1054 1879 1142 1943 visio
1158 1898 1180 1942 a
1194 1898 1274 1962 pro-

324 1979 441 2062 pheta,
457 1988 493 2044 et
514 1981 572 2044 lex
594 1981 720 2065 peribit
742 2000 764 2044 a
785 1981 964 2045 sacerdote
979 1988 1014 2044 et
1028 1979 1208 2044 consilium
1231 1979 1319 2043 de1⁵

325 2080 528 2145 senioribus.
581 2081 627 2145 Et
641 2082 778 2159 iterum,
795 2080 885 2144 Haeo
906 2081 990 2144 dicit
1004 2080 1197 2159 Dominns3
1221 2080 1274 2143 Eo

326 2181 418 2263 quod
441 2199 615 2245 sermones
629 2182 737 2246 vestri
760 2188 842 2246 sunt
863 2181 1057 2259 mendaces,
1080 2187 1116 2244 et
1140 2180 1275 2245 divina-

327 2281 438 2345 tiones
451 2288 577 2344 vestrae
592 2301 706 2359 vanae,
718 2288 860 2365 propter
881 2281 946 2344 hoc
969 2297 1048 2344 ecce
1060 2301 1126 2364 ego
1141 2281 1185 2344 ad
1200 2300 1275 2357 vos,

327 2379 411 2443 dicit
426 2380 609 2445 Dominus.
662 2381 859 2446 Extendam
880 2401 1020 2445 manum
1043 2400 1155 2445 meam
1172 2400 1276 2464 super

326 2480 525 2562 prophetas,
550 2481 611 2564 qui
635 2481 755 2546 vident
777 2482 968 2559 mendacia,
997 2488 1033 2546 et
1058 2502 1117 2546 eos
1142 2483 1201 2564 qui
1223 2483 1275 2546 lo·
1288 2491 1321 2537 2⁰

327 2588 481 2661 quuntur
493 2600 586 2644 vana
607 2581 642 2644 in
665 2581 847 2664 disciplina
864 2582 983 2664 populi
997 2583 1063 2644 mei
1078 2602 1147 2645 non
1163 2591 1275 2661 erunt,

328 2688 363 2743 et
375 2681 411 2743 in
427 2682 598 2763 scriptura
611 2683 733 2745 domus
748 2682 860 2745 Israel
879 2702 948 2745 non
970 2683 1174 2759 scribentur,
1190 2690 1225 2746 et
1239 2683 1276 2746 in

327 2787 455 2844 terram
472 2781 582 2846 Israel
606 2802 676 2845 non
697 2784 889 2859 intrabunt,
912 2791 947 2846 et
970 2783 1085 2845 scietis
1107 2784 1189 2865 quia
1211 2804 1276 2866 ego

328 2881 511 2945 Dominus
572 2883 764 2964 Propterea
799 2883 964 2965 populum
1000 2904 1112 2946 meum
1149 2885 1277 2947 sedux-

328 2989 429 3044 erunt
450 2982 615 3059 dicenteS,
630 3003 701 3063 pax
716 2984 869 3060 Domini,
892 2992 927 3047 et
949 2993 1093 3048 nonest
1115 3004 1187 3066 pax
1202 2986 1276 3049 Do·
1288 2993 1332 3038 2⁵⁴

327 3081 423 3143 mini.
475 3081 546 3146 Hic
569 3084 672 3146 struit
694 3085 872 3166 parietem,
895 3092 930 3147 et
952 3084 1019 3166 ipsi
1034 3094 1171 3166 ungunt
1185 3106 1275 3163 eum,

329 3187 364 3242 et
388 3182 499 3251 cadet.
553 3183 599 3246 Et
622 3190 701 3265 post
727 3185 917 3266 aliquanta,
942 3184 1008 3248 Vae
1034 3184 1088 3247 his
1112 3186 1171 3267 qui
1193 3206 1275 3250 con-

327 3281 470 3344 cinnant
486 3283 669 3346 cervicalia
684 3286 806 3347 subtus
822 3305 956 3348 omnem
972 3286 1125 3348 cubitum
1141 3306 1276 3365 manus,

328 3388 363 3443 et
384 3381 518 3446 faciunt
532 3383 704 3447 velamina
729 3404 833 3466 super
853 3405 954 3449 omne
977 3394 1083 3469 caput
1105 3387 1276 3450 universae

328 3482 442 3544 aetatis
460 3484 503 3545 ad
519 3485 768 3548 subvertendas
779 3487 923 3548 animas,
975 3484 1181 3569 Animaeque
1197 3491 1277 3551 sub·
1288 3505 1320 3550 ao

327 3600 437 3644 versae
455 3591 536 3646 sunt
552 3585 670 3666 populi
692 3585 770 3661 mei,
787 3593 822 3648 et
844 3586 977 3649 animas
993 3588 1227 3668 possidebant,
1243 3597 1279 3653 et

328 3684 612 3747 contaminabant
638 3706 692 3748 me
721 3684 764 3747 ad
795 3687 961 3768 populum
992 3707 1104 3750 meum
1125 3697 1280 3770 ¹propter

327 3800 467 3844 manum
495 3783 633 3865 plenam
659 3784 789 3862 hordei,
817 3794 852 3849 et
881 3794 1023 3869 propter
1047 3787 1279 3869 fragmentum

326 3882 427 3960 panis
451 3884 495 3946 ad
518 3884 723 3949 occidendas
738 3887 883 3963 animas,
898 3907 986 3969 quas
1006 3908 1076 3951 non
1097 3892 1280 3971 oportebat

361 4140 528 4212 munemel]
553 4146 597 4194 vii.
621 4151 669 4207 263
691 4149 746 4197 xiii.
764 4148 804 4274 Q!
851 4147 1211 4218 ³⁰Aaimoeque...eripuisti.]
1224 4156 1279 4206 Om.

325 4218 373 4276 183
388 4216 452 4263 xxii.
465 4219 490 4275 4,
502 4218 549 4275 ³⁰3
566 4217 658 4266 xxxiii.
671 4220 695 4280 2,
707 4223 753 4268 etc.
820 4220 849 4269 V.
