2940 4884
538 393 623 441 vrrA
646 394 775 442 sanem
799 396 929 443 ornam.
1045 416 1053 434 ·
1156 379 1207 467 xli

257 547 465 628 Glastoniae,
477 570 582 634 quam
596 551 762 635 diligebat
776 553 937 617 maxime.
977 551 1113 619 Abbate
1128 575 1207 636 pro-

256 649 415 714 mittente
430 650 554 734 dignos
577 662 719 734 rogatus
734 654 874 737 explere
897 661 932 719 et
951 661 1093 737 propter
1109 655 1206 718 audi-

257 756 311 814 tos
327 750 464 815 dolente
479 759 514 817 et
526 752 667 816 nimium
677 754 890 831 lacrimante,
904 755 1095 838 exspiravit
1106 775 1207 819 sanc-

256 850 408 915 tissimus
425 851 547 917 Gildas
566 861 740 935 aegrotans
755 854 855 919 valde
877 855 996 919 multis
1011 855 1208 920 videntibus

223 951 471 1033 aspleudorem
501 954 695 1035 angelicum
723 955 816 1018 circa
845 975 970 1039 corpus
999 956 1207 1020 odoriferum

256 1058 291 1116 ct
325 1053 457 1135 augelis
494 1055 771 1118 consociantibus
806 1055 942 1120 animae.
996 1055 1083 1120 Post
1113 1077 1206 1120 com-

254 1154 508 1218 mendationem
531 1155 774 1218 lacrimabilem
797 1154 983 1237 expletam,
1006 1155 1159 1220 defertur
1186 1177 1207 1220 a

255 1254 485 1319 confratribus
508 1274 633 1336 corpus
655 1254 867 1320 levissimum
896 1255 939 1318 ad
962 1256 1148 1333 abbatiam,
1172 1266 1206 1320 et

255 1372 332 1416 cum
357 1354 499 1436 planctu
524 1354 676 1419 maximo
703 1364 738 1419 et
767 1355 896 1418 honore
925 1355 1127 1437 dignissimo
1151 1376 1205 1420 se·

206 1478 238 1522 10
255 1453 382 1535 pelitur
404 1454 440 1517 in
454 1454 566 1519 medio
582 1457 780 1538 pavimento
792 1454 949 1532 ecclesiae
968 1456 1107 1521 Sanctae
1125 1456 1205 1520 Ma·

255 1554 335 1633 riae;
359 1555 458 1639 cujus
482 1555 597 1619 anima
614 1556 795 1639 requievit,
818 1563 854 1621 et
875 1557 1070 1640 requiescit,
1093 1563 1128 1621 et
1151 1577 1204 1621 re-

254 1653 418 1736 quiescet,
433 1656 469 1719 in
486 1656 620 1722 coelesti
634 1657 763 1740 requie.
818 1656 942 1724 Aaou.

305 1856 322 1941 ᾗ
334 1857 388 1923 14.
401 1858 611 1942 Ynisgutrin
625 1856 805 1925 nominata
815 1857 882 1924 fuit
893 1858 1084 1941 antiquitus
1095 1856 1198 1921 Glas-

254 1958 351 2022 tonia
365 1965 400 2023 et
423 1960 533 2024 adhuc
556 1961 755 2024 nominatur
770 1978 792 2023 a
814 1958 1012 2039 Britannis3
1035 1958 1149 2041 ‘ynis’
1166 1957 1202 2021 in

206 2074 236 2118 15
254 2059 457 2124 Britannico
488 2081 656 2139 sermone,
681 2060 835 2123 ‘insula'
864 2059 1009 2139 Latine;
1039 2058 1201 2139 ‘gutten'

253 2179 335 2222 vero
352 2161 506 2225 ‘vitrea'
541 2160 608 2225 Sed
623 2167 703 2243 post
718 2160 904 2224 adventum
917 2158 1203 2240 Angligenarum,

253 2265 288 2323 et
308 2259 462 2343 expulsis
477 2260 669 2338 Britannis,
689 2259 833 2337 scilicet,
847 2259 1081 2335 WalensibuS,
1103 2279 1201 2323 revo-

251 2366 331 2423 cata
353 2366 406 2424 est
435 2359 672 2443 Glestingberi
693 2381 738 2424 ex
761 2360 880 2424 ordine
903 2358 1005 2443 primi
1030 2358 1201 2437 vocabuli,
1283 2438 1288 2449 ι

250 2459 394 2538 scilicet,
421 2461 527 2544 ‘glas’
553 2459 700 2543 Anglice
724 2459 887 2524 ‘vitrum’
912 2459 1049 2538 Latine,
1072 2459 1200 2523 ‘beria'

205 2582 237 2628 ‘ro
250 2564 261 2592 ‘
276 2559 423 2639 civitas:
437 2561 517 2627 inde
533 2560 756 2639 Glastiberia,
769 2559 804 2624 id
819 2568 885 2639 est,
899 2559 1025 2625 Vitrea
1039 2559 1186 2625 Civitas.

286 2801 483 2874 ³Excpiravit.]
508 2806 606 2858 Quarto
627 2805 715 2854 kalen·
774 2800 925 2866 ”Sepelitar
1007 2802 1109 2866 reputa]
1126 2802 1203 2863 Sepe-

251 2879 298 2928 das
310 2878 451 2939 Februarii,
462 2878 518 2926 add.
533 2878 624 2940 Cupgr.
738 2874 801 2923 litur
816 2874 842 2921 in
861 2873 944 2923 medio
957 2877 1064 2922 vetustae
1083 2872 1200 2922 ecclesiae

287 2945 298 2975 ⁴
318 2948 483 3011 Videbam]
500 2947 554 2996 The
565 2947 640 2997 MSS.
653 2947 714 2995 read
740 2945 891 3007 pavimento,
902 2944 973 2994 A.D.
991 2937 1204 3006 quingenteusimo

252 3018 434 3068 ‘audientibus
447 3020 463 3080 ;'
479 3019 521 3068 the
538 3018 670 3067 alteration
692 3018 715 3067 is
739 3015 899 3078 duodecimo,
912 3017 1004 3078 Ccpgr.

251 3089 394 3139 warranted
404 3091 439 3151 by
451 3089 605 3152 capgrave's
616 3092 678 3138 text.

288 3156 308 3189 ¹²
325 3159 438 3225 Περαία]
451 3160 556 3210 Usher's
569 3160 725 3221 manuscript
736 3156 876 3205 concluded
887 3153 950 3203 with
961 3153 1011 3203 thie
1023 3153 1135 3217 couplet,

403 3230 637 3280 ‘Leucarbanensis
648 3228 785 3278 dictamina
796 3231 855 3275 sunt
866 3226 997 3286 Caratoci3

415 3302 469 3353 Qui
479 3302 557 3364 legat,
568 3301 692 3364 emendet,
703 3298 786 3361 placet
797 3297 840 3346 ille
852 3294 1029 3357 compositori!

936 3363 1061 3414 Primord.
1072 3379 1099 3424 p.
1111 3366 1169 3411 442.

287 3441 345 3490 Pite
361 3442 423 3490 cites
442 3456 458 3490 a
474 3455 539 3503 copy
558 3440 642 3489 which
661 3440 712 3488 had
731 3440 773 3488 the
789 3435 919 3497 following
935 3433 1027 3484 distich
1044 3438 1071 3481 at
1088 3433 1131 3481 the
1148 3445 1206 3480 con-

251 3511 358 3574 clufflm'
404 3580 543 3630 ‹Historiae
555 3580 646 3629 veteris
657 3578 750 3629 Gildas
760 3579 906 3628 luculentus
917 3580 1002 3624 arator

415 3652 482 3700 Haec
492 3650 588 3711 retulit,
598 3665 677 3711 parvo
684 3650 793 3699 carmine
802 3650 877 3712 plura
887 3643 995 3696 nemus!
1082 3676 1085 3684 f

287 3721 307 3754 ¹³
327 3723 498 3786 retegente]
517 3721 571 3770 The
587 3720 670 3769 whole
692 3719 721 3769 of
739 3721 791 3771 thie
812 3720 908 3772 sectiou
930 3717 962 3781 is,
983 3713 1142 3778 apparently,
1170 3726 1202 3760 no

250 3799 308 3858 part
317 3795 347 3845 of
355 3794 397 3844 the
409 3793 517 3857 original
528 3791 640 3855 Legend.
