2940 4884
515 459 687 508 nrrsrona
710 456 839 506 omnm.
1108 441 1153 505 37

200 614 594 694 carceribushabenteS,
617 636 704 698 quos
727 617 806 680 dolo
829 616 884 679 sui
907 615 1023 698 potius
1048 634 1152 697 quam

200 714 322 779 merito
337 722 517 797 proterunt
539 719 671 781 catenis
690 724 893 797 onerantes;
916 717 1007 780 inter
1026 715 1152 779 altaria

195 815 347 898 jurando
374 816 603 896 demorantes,
633 818 766 882 ethaeo
793 818 912 882 eadem
941 837 982 881 ac
1007 816 1037 879 si
1056 816 1149 880 lutu-

198 915 295 979 lenta
309 918 412 998 paulo
427 926 506 1000 post
519 938 608 982 saxa
620 919 859 1002 despicientes,

170 1036 185 1078 a
251 1016 337 1099 §28.
362 1017 471 1103 Cujus
482 1026 555 1082 tam
566 1019 707 1083 nefandi
718 1019 846 1102 piaculi
856 1039 927 1082 non
940 1017 1083 1100 ignarus
1097 1024 1150 1082 est
1162 1032 1302 1124 femme

198 1117 383 1182 immundae
414 1120 534 1183 leaenae
562 1119 770 1184 Damnoniae
792 1119 994 1202 tyrannicus
1014 1120 1150 1183 catulus
1259 1111 1265 1123 ’

201 1216 464 1283 Constantinus
490 1219 571 1283 Hoc
582 1239 686 1297 anno,
698 1227 778 1302 post
787 1217 1149 1283 horribilesacramen-

200 1326 274 1382 tum
283 1320 485 1404 juramenti,
500 1340 568 1403 quo
584 1339 621 1383 se
635 1321 805 1398 devinxit,
820 1338 1038 1402 nequaquam
1052 1320 1151 1384 dolos

199 1419 344 1496 civibus,
364 1420 441 1484 Deo
456 1421 603 1502 primurn
613 1420 760 1504 jureque
772 1420 936 1504 jurando,
951 1428 1150 1484 sanctorum

155 1519 335 1582 rodemum
365 1519 477 1583 choris
510 1528 545 1585 et
576 1521 742 1602 genitrice
771 1521 1014 1585 comitantibus
1040 1521 1149 1599 fretis,

198 1618 381 1698 facturum,
403 1621 440 1683 in
454 1620 599 1685 duarum
614 1621 820 1685 venerandis
842 1628 991 1686 matrum
1005 1622 1149 1698 sinibus,

198 1721 351 1784 ecclesiae
375 1722 603 1804 carnalisque,
628 1723 691 1786 sub
716 1722 829 1785 sancti
852 1721 987 1785 abbatis
1016 1722 1149 1804 amphi-

197 1818 288 1899 balo,
312 1822 424 1885 latera
451 1823 624 1904 regiorum
653 1824 838 1887 tenerrima
867 1841 1062 1904 puerorum,
1093 1822 1150 1887 vel

196 1922 388 2001 praecordia
412 1923 595 1986 crudeliter
620 1923 737 2001 duum,
763 1922 975 2011 totidemque
1001 1924 1149 1987 nutrito·

154 2036 185 2082 15
198 2041 482 2106 rum-quorum
507 2023 650 2088 brachia
678 2043 897 2106 nequaquam
925 2024 1042 2101 armis,
1071 2043 1149 2105 qnae

197 2122 312 2185 nullus
340 2141 428 2206 pene
456 2123 632 2188 hominum
660 2123 783 2188 fortius
816 2123 881 2188 hoc
915 2125 964 2186 eis
996 2130 1150 2206 tempore

198 2224 382 2301 tractabat,
403 2223 463 2286 sed
484 2223 560 2287 Deo
578 2224 748 2306 altarique
765 2231 936 2306 protenta,
958 2224 995 2286 in
1018 2224 1072 2288 die
1090 2224 1150 2307 jn-

198 2322 276 2386 dicii
300 2323 343 2387 ad
366 2332 437 2388 tuae
453 2323 604 2387 civitatis
627 2331 757 2406 portaS,
782 2323 931 2401 Christe,
953 2325 1151 2388 veneranda

198 2424 377 2506 patientiae
393 2443 434 2488 ac
448 2424 528 2488 fidei
550 2443 623 2487 suae
637 2425 768 2489 vexilla
787 2424 1151 2507 suspendent—inter

154 2543 186 2588 no
198 2524 286 2606 ipsa,
304 2532 354 2589 ‘ut
380 2525 465 2604 dixi,
495 2531 717 2589 sacrosancta
746 2526 871 2589 altaria
896 2525 1046 2589 nefando
1070 2545 1152 2589 ense

199 2623 368 2709 hastaque
391 2626 636 2709 prodentibus
660 2626 838 2703 laceravit,
862 2627 913 2689 ita
930 2632 970 2689 nt
993 2626 1153 2689 sacrificii

199 2727 351 2790 coelestis
373 2727 489 2791 sedem
511 2745 685 2810 purpurea
706 2746 747 2790 ac
771 2727 801 2790 si
824 2726 999 2807 coagulati
1020 2727 1152 2791 cruoris

236 2988 324 3039 ¹Dolo
335 2991 396 3054 sai]
413 2989 517 3052 Dolore,
529 2991 607 3052 Frug.
622 2990 656 3039 G.
724 2985 744 3019 ¹²
760 2987 877 3039 Ecclesiae
900 2988 1073 3053 cumulisque]
1102 2990 1152 3039 Ec-

236 3059 246 3089 ³
261 3061 394 3124 duranda]
406 3061 536 3124 latrando,
542 3061 620 3122 Frag.
629 3061 662 3110 G.
688 3061 824 3121 clesiaeque
835 3060 953 3122 carnalis,
968 3060 998 3109 V.

237 3127 664 3195 ⁷Conctantinas.]Littleisknown
724 3127 744 3157 ¹²
760 3130 811 3179 Sub
836 3166 842 3180 .
864 3167 871 3181 .
893 3167 900 3181 .
923 3130 1080 3194 amphibola]
1097 3131 1151 3180 Sub

201 3204 231 3252 of
243 3203 294 3252 this
308 3202 459 3251 individual.
495 3202 548 3250 The
565 3201 663 3251 Annals
688 3206 775 3250 sancto
800 3201 891 3250 abbate
920 3201 1085 3263 Amphibalo,
1119 3202 1149 3252 V.

202 3274 231 3322 of
237 3273 379 3336 Tigernach
396 3271 551 3338 (0'C0nn0r,
562 3273 662 3333 Scripp.
687 3271 741 3320 The
758 3286 826 3325 error
842 3271 927 3320 which
946 3271 994 3319 has
1010 3271 1151 3334 originated

203 3344 263 3394 Rer.
283 3344 390 3393 Hibern.
406 3344 434 3391 ii.
447 3339 516 3405 loa)
531 3343 604 3404 place
620 3342 663 3390 the
688 3342 714 3389 in
731 3341 782 3390 this
797 3342 950 3403 misreading
967 3342 989 3388 is
1006 3342 1087 3390 stated
1100 3343 1152 3390 and

203 3415 348 3463 conversion
370 3417 395 3461 to
418 3412 584 3472 Christianity
603 3411 632 3460 of
648 3427 664 3461 a
688 3409 1151 3472 refutedbyUsherinhisPrimord.

203 3484 298 3533 certain
333 3483 496 3532 Constantine
523 3480 664 3547 (supposed
688 3496 715 3541 p.
727 3484 785 3530 ⁶39.

203 3558 230 3603 to
241 3557 272 3603 he
284 3555 326 3604 the
348 3567 416 3603 same
433 3553 493 3601 here
509 3549 663 3616 mentioned)
726 3549 745 3578 ¹³
761 3550 917 3614 Regiorum]
935 3550 1087 3613 Regionum,
1100 3552 1134 3602 Β.

202 3626 284 3675 under
295 3624 365 3674 A.D.
377 3627 434 3686 588,
451 3622 501 3671 and
512 3622 555 3671 the
566 3622 664 3671 Annals
725 3618 1067 3685 ”Pueroampcfflcerning
1075 3623 1152 3686 them,

203 3696 233 3744 of
245 3697 333 3744 Ulster
350 3708 425 3757 agree
443 3708 472 3742 as
490 3697 515 3741 to
535 3693 577 3742 the
596 3692 664 3743 date.
689 3705 732 3740 see
749 3691 847 3741 Carte’s
865 3692 934 3742 Hist.
953 3692 1028 3754 Engi.
1046 3693 1064 3743 i.
1084 3697 1152 3755 alo;

204 3767 251 3815 See
268 3767 322 3815 also
340 3767 407 3814 Acta
422 3765 466 3814 SS.
486 3778 566 3812 mens.
586 3763 664 3814 Mart.
689 3762 796 3813 Usher's
807 3762 932 3812 Primord.
944 3777 970 3823 p.
983 3766 1041 3811 538.

195 3842 263 3887 tom.
276 3838 303 3887 ii.
316 3854 342 3899 p.
355 3840 402 3895 643
420 3835 526 3884 Usher's
538 3834 663 3884 Primord.
726 3830 745 3861 ¹⁵
764 3834 872 3889 Quorum
896 3869 902 3883 .
924 3868 930 3884 .
955 3869 962 3883 .
985 3834 1152 3897 suspendat]

203 3924 248 3969 pp.
266 3912 323 3969 5³6,
338 3911 403 3967 ⁵4⁰3
420 3905 470 3954 ond
484 3904 582 3954 Carte's
594 3905 664 3954 Hist.
692 3905 747 3952 Om.
764 3904 794 3954 V.

204 3979 233 4027 of
247 3978 377 4040 England,
396 3978 413 4025 i.
425 3981 482 4026 215.
521 3976 563 4025 He
577 3976 601 4026 is
611 3977 666 4024 also
725 3971 743 3999 ²¹
762 3975 814 4022 Pro
826 3973 959 4036 dentibus]
973 3973 1154 4036 mouentibus,

204 4049 346 4098 mentioned
360 4049 395 4109 by
410 4046 530 4109 Geoffrey
548 4046 577 4096 of
593 4047 667 4096 Mon·
691 4043 784 4107 Usher‚
796 4045 922 4093 Primord.
934 4060 960 4106 p.
973 4048 1029 4094 588.

204 4119 301 4182 mouth,
310 4120 357 4168 xii.
368 4123 393 4180 2,
405 4122 429 4179 5,
440 4123 489 4167 etc.
726 4111 745 4144 ²¹
764 4109 915 4183 honeravit]
933 4114 1076 4176 Laceravit,
1093 4128 1154 4174 quo·

239 4185 250 4224 ⁷
267 4191 344 4254 Hoc]
363 4189 416 4240 Qui
427 4188 483 4250 hoc,
499 4189 529 4237 V.
692 4201 748 4235 rum
765 4185 869 4235 brachia
884 4185 941 4248 [etc.
957 4198 987 4233 as
998 4184 1081 4247 abore]
1099 4198 1156 4234 sus·

242 4257 262 4290 ¹⁰
278 4259 383 4322 Pretio]
399 4260 454 4309 oni.
471 4260 501 4308 V.
692 4257 812 4320 pendent,
824 4256 868 4317 qui
880 4255 916 4305 ita
928 4255 1046 4305 sacrificii
1059 4289 1065 4306 .
1080 4290 1107 4307 ..
1124 4255 1154 4304 V.
