2940 4884
524 403 697 450 nrrsuonn
719 403 849 451 omnm.
1125 387 1169 452 bl

216 558 402 641 Prophetae
423 559 543 625 dicunt
565 561 627 638 eiS,
652 560 736 626 Nou
762 559 922 626 videbitis
946 561 1113 644 gladium,
1135 570 1170 628 et

214 660 321 723 fames
335 679 413 747 'non
437 661 503 725 erit
523 660 560 723 in
575 662 686 739 vobis,
706 661 767 725 sed
791 681 912 744 pacem
933 681 1051 727 veram
1073 662 1170 728 dabit

216 760 387 837 Dominus
400 761 499 825 vobis
520 761 557 824 in
580 761 657 825 loco
679 762 759 827 isto.
812 762 859 827 Et
884 761 973 826 dixit
997 763 1169 827 Dominus

214 860 259 924 ad
282 879 357 941 me3
381 859 487 925 Falso
511 861 689 944 prophetae
712 861 948 927 vaticinantur
968 863 1005 926 in
1032 862 1169 928 nomine

188 977 304 1038 smeo,
328 980 399 1024 non
422 961 500 1024 misi
522 981 581 1025 eos
597 968 633 1026 et
646 981 716 1027 non
737 962 887 1044 praecepi
907 962 977 1042 eis3
1000 963 1169 1028 visionem

215 1060 426 1138 mendacem,
447 1068 483 1126 et
501 1060 759 1139 divinationem,
783 1068 819 1126 et
831 1061 1111 1141 fraudulentiam,
1134 1071 1170 1130 et

192 1160 450 1225 ,seductionem
476 1161 588 1225 cordis
611 1162 678 1240 sui,
697 1162 907 1245 prophetant
920 1162 1031 1227 vobis.
1084 1163 1170 1228 Ideo

213 1259 291 1323 haec
320 1260 404 1325 dicit
432 1261 617 1339 Dominus,
644 1262 689 1325 In
719 1262 834 1344 gladio
861 1269 897 1327 et
924 1263 1015 1328 fame
1042 1282 1168 1327 consu·

215 1368 352 1426 mentur
373 1361 552 1444 prophetae
574 1362 647 1443 illi;
671 1368 707 1426 et
726 1362 858 1446 populi,
873 1363 998 1445 quibus
1020 1363 1169 1445 prophe·

172 1468 391 1539 rotaverunt,
415 1461 560 1546 projecti
589 1469 691 1526 erunt
718 1461 755 1526 in
779 1461 845 1527 viis
872 1463 1067 1527 Jerusalem
1094 1483 1169 1548 prae

216 1561 306 1625 fame
321 1569 357 1625 et
370 1563 498 1644 gladio,
514 1569 549 1627 et
563 1581 633 1626 non
648 1562 713 1626 erit
726 1563 786 1645 qui
801 1563 958 1646 sepeliat.

249 1661 329 1746 §82
343 1662 390 1727 Et
399 1662 537 1741 iterum,
546 1662 613 1727 Vae
622 1663 831 1745 pastoribus,
847 1663 908 1746 qui
921 1663 1124 1746 disperdunt
1134 1670 1170 1728 et

216 1762 407 1827 dilacerant
430 1783 571 1845 gregem
589 1782 729 1845 pascuae
750 1782 849 1840 meae,
872 1762 955 1827 dicit
985 1763 1168 1828 Dominus.

218 1862 303 1927 Ideo
317 1861 391 1926 haec
407 1863 491 1928 dicit
506 1863 677 1927 Dominus
696 1863 793 1927 Deus
810 1862 922 1926 Israel
944 1862 989 1928 ad
1011 1871 1169 1946 pastores

170 1974 203 2019 1⁵
217 1963 276 2045 qui
291 1970 440 2046 pascunt
454 1964 621 2048 populum
636 1983 761 2041 meum,
776 1962 852 2028 Vos
867 1963 1077 2046 dispersistis
1091 1983 1168 2046 gre·

217 2083 295 2145 gem
316 2083 442 2142 meum,
458 2071 494 2129 et
508 2064 659 2149 ejecistis
673 2081 745 2141 eos,
760 2070 796 2128 et
810 2083 881 2128 nou
894 2063 1062 2128 visitastis
1077 2063 1168 2128 illos.

217 2163 319 2241 Ecce,
342 2184 408 2246 ego
421 2164 570 2230 visitabo
585 2183 689 2246 super
703 2182 767 2228 vos
786 2163 954 2228 malitiam
976 2163 1169 2228 studiorum

213 2271 422 2343 vestrorum,
434 2264 519 2329 dicit
533 2264 716 2330 Dominus.
769 2262 947 2346 Propheta
962 2282 1111 2346 namque
1133 2269 1169 2326 et

217 2364 378 2429 sacerdos
406 2364 531 2447 polluti
559 2373 654 2443 sunt,
683 2363 785 2429 etin
814 2363 916 2428 domo
944 2382 1022 2427 mea
1051 2361 1169 2428 inveni

171 2477 205 2522 2⁰
216 2465 347 2529 malum
383 2485 513 2542 eorum,
541 2464 626 2530 dicit
653 2464 845 2545 Dominus3
885 2471 920 2528 et
956 2464 1084 2528 idcireo
1112 2463 1171 2528 via

217 2585 335 2630 eorum
350 2566 416 2630 erit
424 2566 525 2647 quasi
539 2564 709 2628 lubricum
725 2565 761 2627 in
778 2564 939 2641 tenebris
950 2563 1171 2647 impellentur

212 2667 368 2730 enimet
392 2672 554 2730 corruent
577 2664 615 2728 in
638 2683 692 2742 ea,
707 2664 848 2728 afferam
871 2664 963 2727 enim
985 2682 1088 2747 super
1110 2682 1170 2727 eos

217 2766 321 2843 mala,
344 2785 475 2830 annum
494 2764 703 2830 visitationis
726 2784 856 2842 eorum,
878 2763 962 2829 dicit
985 2764 1168 2828 Dominus.

215 2866 265 2930 ‘Et
279 2866 316 2929 in
330 2866 508 2950 prophetis
531 2865 696 2929 Samariae
713 2864 784 2930 vidi
796 2863 1006 2941 fatuitatem,
1030 2870 1066 2928 et
1088 2883 1169 2946 pro·

171 2989 204 3034 as
217 2966 409 3048 phetabant
422 2967 459 3030 in
475 2966 576 3043 Baal,
591 2972 627 3029 et
642 2965 859 3049 decipiebant
875 2963 1043 3047 populum
1056 2983 1170 3027 meum

219 3065 349 3146 Israel;
373 3067 458 3131 etin
477 3066 655 3150 prophetis
670 3066 865 3130 Jerusalem
880 3064 952 3130 vidi
973 3064 1169 3132 similitudi-

218 3187 309 3245 nem,
333 3166 552 3245 adulterium,
566 3174 602 3232 et
615 3167 682 3231 iter
705 3165 887 3244 mendacii,
901 3172 937 3230 et
950 3164 1169 3229 confortave-

218 3275 300 3330 runt
325 3286 449 3332 manus
478 3267 716 3350 pessimorum,
743 3274 783 3330 ut
813 3285 884 3330 non
912 3271 1171 3329 converteretur

218 3365 455 3449 unusquisque
470 3386 493 3431 a
505 3367 638 3430 malitia
652 3385 716 3430 sua
729 3385 738 3446 ;
761 3364 845 3429 facti
858 3370 942 3428 sunt
952 3363 1037 3428 mihi
1051 3382 1170 3428 omnes

174 3487 206 3532 ao
219 3467 381 3545 Sodoma,
411 3474 447 3532 et
474 3467 687 3531 habitatores
724 3464 801 3549 ejus
831 3464 932 3547 quasi
961 3462 1168 3529 Gomorrah.

220 3565 411 3650 Propterea
424 3567 499 3631 haec
513 3566 597 3631 dicit
611 3565 783 3630 Dominus
800 3564 844 3628 ad
864 3562 1063 3647 prophetas,
1079 3563 1170 3629 Ecce

219 3687 284 3750 ego
308 3667 430 3733 cibabo
455 3688 514 3732 eos
540 3665 725 3743 absinthio,
741 3673 777 3731 et
796 3665 924 3748 potabo
947 3683 1006 3729 eos
1028 3663 1130 3745 felle3
1147 3683 1170 3729 a

218 3766 395 3850 prophetis
429 3768 520 3833 enim
550 3763 744 3832 Jerusalem
773 3771 828 3832 est
856 3783 996 3847 egressa
1023 3764 1170 3848 pollutio

218 3886 323 3951 super
335 3888 471 3933 omnem
485 3875 624 3933 terram.
678 3865 768 3930 Haec
783 3865 867 3930 dicit
881 3865 1053 3930 Dominus
1069 3885 1169 3930 exer·

173 3985 204 4030 as
219 3968 361 4046 cituum,
392 3968 511 4033 Nolite
541 3967 661 4032 audire
686 3968 793 4032 verba
817 3965 1075 4048 prophetarum,
1109 3966 1169 4047 qui

217 4069 427 4150 prophetant
441 4070 551 4146 vobis,
565 4063 789 4150 et'decipiunt
803 4086 877 4142 voS,
892 4064 1060 4130 visionem
1075 4066 1167 4129 enim

219 4169 331 4232 cordis
347 4170 401 4233 sui
416 4170 615 4253 loquuntur,
631 4189 701 4232 uon
717 4167 760 4232 de
775 4186 834 4231 ore
850 4166 1003 4230 Domini.
1037 4165 1168 4232 Dicunt
