2940 4884
496 461 581 508 vira
605 461 733 509 sanem
758 462 887 510 eruum.
1053 449 1169 512 xxxiii

216 616 384 680 timebant
410 616 610 697 timendum,
635 620 690 683 cui
714 619 931 698 obediebant,
962 617 1081 683 audita
1107 638 1166 683 ac-

215 717 377 798 ceptabili
411 737 475 781 sua
509 719 765 802 praedicatione.
818 719 1039 785 Praedicabat
1072 719 1166 783 omni

215 815 400 881 Dominica
429 820 522 902 apud
551 821 835 884 maritamaneam
865 820 1056 898 ecclesiam,
1085 836 1164 902 quae

214 923 285 981 stat
316 919 353 981 in
382 917 570 1003 Pepidiauo
602 920 754 1002 regione,
788 919 825 983 in
858 927 1012 1004 tempore
1041 920 1164 984 Trifini

184 1017 317 1098 bregis,
339 1018 581 1083 innumerabili
601 1020 822 1085 multitudine
845 1022 955 1103 plebis
977 1021 1075 1085 illum
1100 1039 1164 1084 au-

212 1116 339 1182 diente.
393 1119 440 1183 Et
461 1119 542 1183 dum
556 1121 723 1203 inciperet
738 1119 939 1204 praedicare,
960 1127 1095 1184 retenta
1109 1129 1163 1186 est

212 1236 284 1282 vox
317 1219 574 1301 praedicationis
610 1220 647 1283 in
681 1219 902 1304 praedicante,
939 1220 1030 1283 unde
1064 1220 1162 1302 plebs

213 1316 385 1382 admirata
420 1326 474 1383 est
510 1318 612 1384 valde
644 1340 708 1402 pro
737 1319 930 1384 admirabili
958 1320 1169 1386 retentione„

213 1415 361 1481 Sanctus
392 1417 515 1483 Gildas
543 1420 629 1485 illud
655 1421 868 1504 comperiens
894 1420 1059 1504 praecepit
1088 1440 1163 1485 om-

167 1542 199 1587 10
213 1517 313 1581 nibus
343 1519 539 1584 astantibus
571 1521 678 1599 exire,
708 1529 748 1585 ut
775 1529 894 1604 posset
922 1521 1010 1584 scire
1044 1527 1160 1584 utrum

212 1637 273 1699 per
295 1619 445 1702 aliquem
468 1621 606 1685 illorum
634 1622 739 1686 fiebat
760 1621 1042 1711 impedimentum
1071 1641 1160 1703 prae-

210 1716 393 1784 dicationis
422 1720 562 1800 divinee,
594 1742 657 1785 nec
687 1722 792 1786 etiam
826 1729 907 1805 post
933 1722 1161 1785 recessionem

209 1837 327 1883 eorum
349 1821 464 1903 potuit
478 1821 678 1904 praedicare.
731 1823 969 1904 Interrogavit
981 1828 1115 1904 postea,
1131 1823 1160 1885 si

209 1919 347 2003 aliquis,
370 1922 426 1986 vel
448 1922 577 2007 aliqua,
602 1930 693 1987 esset
708 1923 745 1986 in
762 1923 908 1987 ecclesia
921 1923 1082 1999 latenter,
1104 1921 1161 1986 cui

164 2042 195 2088 15
209 2022 387 2104 respondit
411 2021 569 2088 Nonnita
592 2043 790 2106 praegnans,
820 2022 923 2087 Deivi
951 2021 1160 2087 sanctissimi

209 2121 308 2202 pueri
334 2128 445 2185 mater
473 2122 603 2201 sutura,
635 2123 735 2204 ‘Ego
767 2122 926 2186 Nonnita
956 2121 1011 2185 hic
1036 2141 1159 2185 maneo

209 2219 299 2284 inter
314 2221 480 2304 parietem
503 2229 537 2286 et
547 2222 693 2306 januam
708 2222 828 2286 nolens
844 2223 974 2286 intrare
997 2222 1159 2286 turbam.'

211 2319 279 2384 His
295 2320 434 2400 auditis,
452 2322 618 2405 praecepit
632 2322 683 2386 illi
698 2323 804 2400 exire,
828 2329 863 2386 et
885 2328 1070 2405 postquam
1085 2322 1159 2385 exi·

209 2425 307 2484 verat
332 2423 471 2487 vocavit
496 2423 643 2505 plebem,
668 2443 746 2506 quae
771 2430 896 2488 vocata
919 2423 1014 2486 venit
1036 2429 1076 2486 ut
1096 2438 1158 2486 au-

164 2546 197 2593 20
209 2519 297 2585 diret
311 2521 559 2605 Evangelicam
576 2522 869 2606 praedicationem.
922 2522 1010 2587 Post
1024 2522 1159 2587 finitum

209 2640 400 2687 sermonem
419 2624 648 2707 interrogavit
669 2621 844 2707 Angelum
867 2622 935 2690 Dei
958 2622 1168 2705 praedictam,

210 2742 293 2800 rem,
316 2724 458 2802 scilicet,
482 2724 609 2807 quade
631 2743 737 2789 causa
752 2724 945 2807 incoeperat
959 2723 1160 2805 praedicare,

209 2831 245 2887 et
266 2843 336 2888 non
358 2831 496 2907 poterat
517 2824 642 2912 ducere
666 2825 710 2889 ad
733 2823 847 2889 finem.
900 2821 951 2889 At
975 2823 1033 2888 ille
1062 2843 1160 2889 reve·

243 3126 426 3197 ³Ecclesiam.]
449 3133 573 3184 Giraldus
597 3134 672 3184 Cam·
698 3135 764 3197 gend
783 3134 813 3183 ol
828 3135 864 3184 st.
879 3133 967 3183 David
985 3134 1060 3195 given
1077 3132 1104 3180 in
1118 3134 1161 3183 the

209 3202 317 3265 brensis,
339 3205 365 3252 in
386 3205 427 3254 his
449 3205 505 3254 Life
528 3206 557 3254 of
576 3205 672 3268 David,
697 3205 765 3254 Acta
787 3205 945 3265 Sanctorum,
977 3204 1055 3253 Mart.
1080 3204 1099 3252 i.
1119 3207 1161 3267 41,

210 3287 270 3332 says
294 3274 349 3322 that
369 3275 420 3323 this
443 3275 538 3324 church
560 3289 615 3324 was
639 3277 673 3324 si·
697 3274 799 3324 records
832 3275 883 3323 this
913 3275 1025 3335 miracle,
1053 3273 1162 3322 without

211 3343 299 3391 tuated
315 3344 359 3391 ‘in
373 3345 428 3393 loco
445 3347 488 3393 cui
502 3361 592 3394 nomen
611 3346 672 3395 Cair
697 3346 851 3406 mentioning
862 3345 904 3392 the
916 3358 988 3393 name
1000 3344 1029 3392 of
1037 3341 1138 3392 Gildas.

212 3413 312 3473 Morva,
323 3413 404 3476 idest,
416 3415 484 3463 Urbs
495 3417 622 3464 maritima
632 3417 673 3464 vel
733 3414 937 3477 ⁹Compela'eas.]
961 3414 1011 3473 B.;
1035 3412 1161 3475 operiens,

212 3483 340 3531 castrum!
697 3483 731 3534 A.

247 3553 258 3581 ⁴
285 3551 441 3615 Pepidioac.]
468 3553 592 3616 Pediane,
621 3555 673 3614 B.;
734 3551 754 3584 ¹⁵
772 3551 904 3615 Nantua]
932 3550 1021 3601 Called
1049 3551 1161 3600 Nemota

212 3623 347 3685 according
369 3629 395 3671 to
418 3624 560 3686 Capgrave,
578 3624 628 3673 this
650 3625 673 3673 is
698 3624 733 3684 by
750 3624 861 3686 Colgan;
879 3623 981 3684 Nonne,
999 3622 1025 3669 in
1043 3621 1086 3670 the
1104 3621 1162 3671 Life

213 3693 269 3741 said
288 3698 313 3742 to
330 3694 394 3743 hare
413 3694 534 3745 occurred
552 3695 596 3742 ‘in
612 3695 674 3756 Epi·
698 3694 727 3742 os
746 3693 833 3743 David
855 3694 956 3755 printed
979 3692 1006 3739 in
1029 3690 1071 3740 the
1092 3692 1162 3741 Acta

212 3763 278 3813 dane
291 3765 411 3826 regione!
447 3765 472 3813 It
488 3766 510 3814 is
526 3780 542 3813 a
559 3780 674 3827 promon·
698 3764 855 3826 Sanctorum,
874 3763 950 3812 Mart.
971 3761 989 3811 i.
1008 3766 1057 3822 423
1076 3762 1102 3810 in
1118 3762 1161 3811 the

213 3835 533 3898 toryinPembrokeehire,
546 3835 628 3884 called
639 3836 674 3897 by
699 3835 760 3884 Life
775 3833 804 3883 ol
823 3835 916 3895 Koma,
939 3831 1036 3899 (which
1053 3846 1112 3893 may
1129 3833 1161 3882 be

215 3904 257 3954 the
265 3905 674 3968 Welsh,CantredDewi;bythe
699 3920 759 3955 scen
784 3905 811 3953 in
834 3904 977 3966 Capgrnva
1004 3902 1022 3952 f.
1045 3906 1094 3952 aot
1122 3900 1161 3966 b.)

213 3976 330 4038 English,
347 3977 384 4026 St.
395 3975 504 4025 David’s
524 3977 613 4026 Laud:
631 3991 674 4026 see
700 3974 745 4025 she
765 3976 788 4023 is
805 3975 895 4024 named
915 3972 1018 4032 Melan,
1037 3972 1087 4020 and
1105 3974 1160 4022 said

213 4047 306 4109 Usher,
317 4047 443 4096 Primord.
455 4063 481 4109 p.
493 4050 551 4097 442.
700 4050 725 4095 to
747 4045 811 4094 have
833 4046 898 4094 been
919 4044 961 4092 the
989 4042 1115 4103 daughter
1136 4041 1166 4093 of

248 4114 258 4144 ⁴
277 4112 390 4184 ibiflui]
407 4117 516 4181 Trifuni,
531 4116 619 4167 Ushcr.
701 4116 831 4178 Braghan,
842 4115 905 4177 king
916 4114 945 4162 of
953 4112 1112 4162 Brecknock.

247 4185 370 4251 ⁵illam]
383 4187 485 4251 Illo‚A.
520 4213 533 4230 «.
735 4182 757 4215 ²⁰
773 4185 969 4249 Evangelicom.]
981 4181 1119 4246 Angelum.

247 4254 380 4308 ⁶lleteota
402 4264 438 4308 eet
459 4258 528 4322 voa]
551 4258 604 4308 The
627 4257 674 4306 Le·
