2940 4884
512 401 684 450 mussona
707 405 836 453 ernon.
1091 393 1156 456 109

202 556 362 627 voluntas
386 562 454 626 Dei
476 561 705 628 sanctificatio
729 571 857 642 vestra,
885 572 924 628 ut
950 566 1155 631 abstineatis

200 681 262 726 vos
277 682 299 725 a
314 663 553 740 fornicatione,
575 671 610 727 et
632 665 720 728 sciat
742 665 978 747 unusquisque
1000 674 1154 731 vestrum

199 781 263 826 vas
281 782 382 826 suum
403 757 579 845 possidere
604 764 641 826 in
660 764 790 828 honore
808 772 843 829 et
868 766 1153 845 sanctificatione,

199 882 269 926 non
298 864 335 926 in
361 865 522 946 passione
548 864 719 941 desiderii,
743 866 833 929 sicut
858 873 893 929 et
918 865 1050 930 Gentes
1074 888 1153 950 quac

169 963 362 1044 tignorant
397 950 522 1028 Deum.
592 965 639 1028 Et
678 985 721 1028 ne
759 966 836 1047 quis
872 968 1153 1049 supergrediatur

199 1082 310 1145 neque
343 1065 590 1129 circumveniat
625 1065 660 1127 in
693 1066 833 1146 negotio
868 1066 1010 1130 fratrem
1039 1087 1151 1146 suum,

197 1164 361 1244 quoniam
388 1164 517 1228 vindex
548 1171 601 1228 est
629 1164 800 1229 Dominus
830 1165 873 1228 de
901 1165 955 1229 his
980 1169 1160 1232 omnibus„

199 1262 281 1327 Non
310 1265 400 1327 enim
433 1265 573 1329 vocavit
601 1284 664 1328 nos
693 1266 790 1330 Deus
818 1265 870 1328 in'
885 1260 1149 1346 immunditiam,

197 1363 308 1427 sedin
323 1365 642 1429 sanctificationem.
696 1365 822 1447 Itaque
836 1367 897 1448 qui
912 1365 988 1429 haec
1006 1370 1149 1449 spernit,

151 1473 184 1519 10
198 1483 267 1527 non
297 1463 469 1528 hominem
498 1465 630 1547 spernit
658 1465 718 1528 sed
750 1465 874 1530 Deum.
928 1465 1016 1544 Quis
1045 1469 1149 1531 etiam

195 1571 350 1628 vestrum
363 1566 609 1647 circumspecte
623 1573 792 1648 cauteque
806 1566 993 1631 custodivit
1006 1568 1040 1631 id
1056 1569 1148 1650 quod

195 1664 361 1746 sequitur,
393 1665 604 1730 Mortificate
635 1685 717 1748 crgo
745 1666 898 1730 membra
922 1675 1040 1731 vestra
1070 1689 1148 1750 quae

195 1772 277 1828 sunt
300 1773 564 1848 superterram,
588 1766 862 1855 fornicationem,
884 1768 1148 1853 immunditiam,

194 1863 400 1944 libidinem„
416 1874 452 1930 et
483 1866 798 1948 concupiscentiam
831 1866 969 1945 malam,
1007 1877 1149 1951 propter

150 1978 181 2024 rs
195 1985 273 2048 quae
296 1968 392 2031 venit
412 1967 465 2031 ira
489 1966 556 2030 Dei
578 1967 615 2029 in
628 1966 727 2030 ‘filios
749 1965 959 2031 diffidentia.
1011 1967 1149 2034 Videtis

195 2066 286 2129 enim
308 2086 371 2150 pro
387 2067 484 2150 queis
506 2066 657 2150 peccatis
678 2067 731 2130 ira
745 2067 810 2131 Dei
825 2068 1042 2148 potissimum
1066 2089 1148 2134 con·

194 2174 327 2249 surgat.

247 2267 265 2351 ᾗ
279 2267 355 2331 104.
379 2265 510 2331 Audite
531 2267 650 2350 itaque
673 2267 755 2350 quid
771 2267 813 2332 de
829 2267 926 2333 vobis
945 2268 1147 2351 prophetico
1160 2282 1267 2334 Tmotoy,

194 2367 318 2449 spiritu
344 2376 486 2432 sanctus
509 2367 600 2431 idem
628 2365 819 2450 Apostolus
845 2369 1037 2451 vestrisque
1065 2389 1147 2434 con·

72 2513 74 2516 v
149 2468 361 2532 absimilibus
381 2469 595 2551 praedixerit,
620 2468 664 2531 ad
684 2469 902 2533 Timotheum
920 2476 1039 2550 aperte
1064 2471 1147 2534 scri·

193 2569 289 2633 bens.
343 2567 424 2633 Hoc
460 2569 551 2631 enim
587 2569 722 2647 scitote,
757 2570 849 2652 quod
878 2571 914 2632 in
952 2571 1147 2634 novissimis
1247 2622 1251 2632 .

193 2668 313 2733 diebus
354 2669 535 2733 instabunt
572 2677 729 2751 tempora
762 2669 967 2753 periculosa.
1035 2670 1149 2735 Erunt

194 2770 285 2833 enim
307 2769 463 2834 homines
485 2769 689 2851 semetipsos
712 2777 880 2847 amantes
903 2768 1029 2852 cupidi,
1053 2770 1147 2849 elati,

194 2872 343 2952 superbi,
366 2869 570 2952 blasphemi,
597 2868 797 2952 parentibus
818 2870 1066 2952 inobedientes,
1092 2872 1146 2934 in·

149 2987 180 3033 ns
194 2971 297 3051 grati,
320 2971 468 3046 scelesti,
491 2971 566 3034 sine
581 2971 773 3048 affectione,
795 2971 1059 3048 incontinentes
1082 2971 1147 3034 im·

194 3071 307 3148 miteS,
330 3073 405 3135 sine
429 3071 655 3152 benignitate,
675 3072 880 3153 proditores
900 3072 1065 3155 protervi,
1089 3079 1146 3136 tu-

194 3172 288 3249 midi,
322 3173 541 3254 voluptatum
578 3177 749 3235 amatores
787 3173 898 3253 magis
935 3191 1039 3254 quam
1067 3172 1146 3250 Dei,

194 3270 360 3335 habentes
384 3272 521 3354 quidem
546 3273 695 3354 speciem
718 3271 869 3353 pietatiS,
896 3271 1060 3335 virtutem
1083 3291 1146 3334 au·
1239 3336 1240 3340 ,

195 3378 264 3434 tem
290 3371 365 3454 ejus
392 3371 616 3453 abnegantes.
669 3370 715 3434 Et
741 3370 806 3434 hos
835 3371 963 3448 devita,
992 3371 1082 3434 sicut
1111 3379 1147 3436 et

149 3484 182 3529 sc
195 3470 372 3555 Propheta
396 3471 491 3547 dicit,
515 3470 618 3535 odivi
646 3471 950 3553 congregationem
974 3471 1145 3553 maligno-

194 3591 282 3649 rum,
309 3580 344 3636 et
368 3591 446 3636 cum
470 3571 585 3653 impiis
610 3570 845 3634 nonsedebo.
898 3569 945 3634 Et
974 3577 1053 3652 post
1082 3571 1146 3634 ali-

195 3681 337 3753 quanta,
360 3672 452 3755 quod
475 3677 594 3735 nostro
617 3678 771 3753 tempore
785 3671 941 3734 videmus
963 3670 1146 3753 pullulare,

228 3974 239 4004 ⁶
256 3978 292 4026 Et
312 3991 342 4026 ue
361 3975 416 4040 quis
503 3963 655 4037 emergat]
716 3969 738 4002 ³⁰
757 3971 902 4035 Propheta]
915 3971 987 4020 Psal.
998 3985 1059 4020 xxv,
1072 3975 1096 4019 5.

195 4049 250 4096 Om.
268 4047 297 4097 V.
715 4039 735 4073 ³¹
753 4044 789 4090 Et
808 4046 863 4106 post
887 4075 933 4092 ...
956 4040 1053 4088 illorum
1066 4040 1142 4104 suit]

230 4115 248 4145 ¹²
265 4117 403 4180 Sequitur]
416 4115 513 4166 Coloss.
525 4115 562 4164 iii.
575 4119 599 4164 5.
683 4114 738 4163 Om.
755 4113 786 4164 V.

227 4185 249 4217 ²⁰
267 4187 437 4250 Tinwtheum]
450 4187 538 4237 erim.
549 4185 587 4235 iii.
597 4189 621 4247 1,
629 4188 653 4235 7.
