<?xml version="1.0" encoding="UTF-8"?>
<!DOCTYPE html PUBLIC "-//W3C//DTD XHTML 1.0 Transitional//EN"
    "http://www.w3.org/TR/xhtml1/DTD/xhtml1-transitional.dtd">
<html xmlns="http://www.w3.org/1999/xhtml" xml:lang="en" lang="en">
 <head>
  <title>
</title>
<meta http-equiv="Content-Type" content="text/html;charset=utf-8" />
  <meta name='ocr-system' content='tesseract 3.04.00' />
  <meta name='ocr-capabilities' content='ocr_page ocr_carea ocr_par ocr_line ocrx_word'/>
</head>
<body>
  <div class='ocr_page' id='page_1' title='image "./gildasdeexcidio00gildgoog_0160.png"; bbox 0 0 2940 4884; ppageno 0'>
   <div class='ocr_carea' id='block_1_1' title="bbox 314 356 958 421">
    <p class='ocr_par' dir='ltr' id='par_1_1' title="bbox 314 356 958 421">
     <span class='ocr_line' id='line_1_1' title="bbox 314 356 958 421; baseline 0 0"><span class='ocrx_word' id='word_1_1' title='bbox 314 356 379 421; x_wconf 83' lang='lat'><strong>112</strong></span> <span class='ocrx_word' id='word_1_2' title='bbox 633 371 804 421; x_wconf 77' lang='lat' dir='ltr'><strong>nrrsronn</strong></span> <span class='ocrx_word' id='word_1_3' title='bbox 827 371 958 421; x_wconf 76' lang='lat' dir='ltr'><strong>ernon.</strong></span> 
     </span>
    </p>
   </div>
   <div class='ocr_carea' id='block_1_2' title="bbox 308 528 1336 3920">
    <p class='ocr_par' dir='ltr' id='par_1_2' title="bbox 308 528 1336 3920">
     <span class='ocr_line' id='line_1_2' title="bbox 314 528 1269 613; baseline -0.003 -19"><span class='ocrx_word' id='word_1_4' title='bbox 314 529 605 595; x_wconf 89' lang='lat' dir='ltr'><strong>immarcescibilis</strong></span> <span class='ocrx_word' id='word_1_5' title='bbox 628 538 734 613; x_wconf 86' lang='lat' dir='ltr'><strong>atque</strong></span> <span class='ocrx_word' id='word_1_6' title='bbox 756 538 886 594; x_wconf 86' lang='lat' dir='ltr'><strong>aeterna</strong></span> <span class='ocrx_word' id='word_1_7' title='bbox 908 531 987 593; x_wconf 82' lang='lat' dir='ltr'><strong>estt</strong></span> <span class='ocrx_word' id='word_1_8' title='bbox 1041 528 1087 591; x_wconf 91' lang='lat' dir='ltr'><strong>Et</strong></span> <span class='ocrx_word' id='word_1_9' title='bbox 1104 535 1183 609; x_wconf 91' lang='lat' dir='ltr'><strong>post</strong></span> <span class='ocrx_word' id='word_1_10' title='bbox 1205 528 1269 592; x_wconf 89' lang='lat' dir='ltr'><strong>ali·</strong></span> 
     </span>
     <span class='ocr_line' id='line_1_3' title="bbox 314 628 1269 714; baseline -0.002 -20"><span class='ocrx_word' id='word_1_11' title='bbox 314 639 458 714; x_wconf 91' lang='lat' dir='ltr'><strong>quanta,</strong></span> <span class='ocrx_word' id='word_1_12' title='bbox 488 630 637 714; x_wconf 82' lang='lat' dir='ltr'><strong>Propter</strong></span> <span class='ocrx_word' id='word_1_13' title='bbox 664 630 768 712; x_wconf 92' lang='lat' dir='ltr'><strong>quod,</strong></span> <span class='ocrx_word' id='word_1_14' title='bbox 797 630 964 693; x_wconf 87' lang='lat' dir='ltr'><strong>succincti</strong></span> <span class='ocrx_word' id='word_1_15' title='bbox 993 635 1104 692; x_wconf 92' lang='lat' dir='ltr'><strong>estote</strong></span> <span class='ocrx_word' id='word_1_16' title='bbox 1133 628 1269 692; x_wconf 91' lang='lat' dir='ltr'><strong>lumbos</strong></span> 
     </span>
     <span class='ocr_line' id='line_1_4' title="bbox 314 728 1268 814; baseline -0.004 -19"><span class='ocrx_word' id='word_1_17' title='bbox 314 733 439 796; x_wconf 90' lang='lat' dir='ltr'><strong>mentis</strong></span> <span class='ocrx_word' id='word_1_18' title='bbox 462 739 600 808; x_wconf 86' lang='lat' dir='ltr'><strong>vestrae,</strong></span> <span class='ocrx_word' id='word_1_19' title='bbox 623 731 739 807; x_wconf 89' lang='lat' dir='ltr'><strong>sobrii,</strong></span> <span class='ocrx_word' id='word_1_20' title='bbox 761 731 912 814; x_wconf 85' lang='lat' dir='ltr'><strong>perfecte</strong></span> <span class='ocrx_word' id='word_1_21' title='bbox 926 736 1106 811; x_wconf 86' lang='lat' dir='ltr'><strong>sperantes</strong></span> <span class='ocrx_word' id='word_1_22' title='bbox 1128 728 1164 790; x_wconf 89' lang='lat' dir='ltr'><strong>in</strong></span> <span class='ocrx_word' id='word_1_23' title='bbox 1179 747 1268 811; x_wconf 82' lang='lat' dir='ltr'><strong>eam,</strong></span> 
     </span>
     <span class='ocr_line' id='line_1_5' title="bbox 314 828 1267 914; baseline -0.002 -20"><span class='ocrx_word' id='word_1_24' title='bbox 314 852 392 914; x_wconf 85' lang='lat' dir='ltr'><strong>quae</strong></span> <span class='ocrx_word' id='word_1_25' title='bbox 410 832 552 896; x_wconf 85' lang='lat' dir='ltr'><strong>offertur</strong></span> <span class='ocrx_word' id='word_1_26' title='bbox 568 831 678 908; x_wconf 89' lang='lat' dir='ltr'><strong>vobis,</strong></span> <span class='ocrx_word' id='word_1_27' title='bbox 698 831 859 913; x_wconf 90' lang='lat' dir='ltr'><strong>gratiam,</strong></span> <span class='ocrx_word' id='word_1_28' title='bbox 882 831 920 893; x_wconf 91' lang='lat' dir='ltr'><strong>in</strong></span> <span class='ocrx_word' id='word_1_29' title='bbox 944 829 1154 895; x_wconf 87' lang='lat' dir='ltr'><strong>revelatione</strong></span> <span class='ocrx_word' id='word_1_30' title='bbox 1179 828 1203 892; x_wconf 85' lang='lat' dir='ltr'>J</span> <span class='ocrx_word' id='word_1_31' title='bbox 1206 849 1267 892; x_wconf 91' lang='lat' dir='ltr'><strong>esu</strong></span> 
     </span>
     <span class='ocr_line' id='line_1_6' title="bbox 315 929 1313 1013; baseline -0.008 -18"><span class='ocrx_word' id='word_1_32' title='bbox 315 932 455 996; x_wconf 87' lang='lat' dir='ltr'><strong>Christi.</strong></span> <span class='ocrx_word' id='word_1_33' title='bbox 508 930 697 995; x_wconf 86' lang='lat' dir='ltr'><strong>Rimamini</strong></span> <span class='ocrx_word' id='word_1_34' title='bbox 719 949 867 1013; x_wconf 87' lang='lat' dir='ltr'><strong>namque</strong></span> <span class='ocrx_word' id='word_1_35' title='bbox 885 930 1035 1013; x_wconf 87' lang='lat' dir='ltr'><strong>pectoris</strong></span> <span class='ocrx_word' id='word_1_36' title='bbox 1057 929 1165 994; x_wconf 90' lang='lat' dir='ltr'><strong>vestri</strong></span> <span class='ocrx_word' id='word_1_37' title='bbox 1186 949 1267 1010; x_wconf 90' lang='lat' dir='ltr'><strong>pro·</strong></span> <span class='ocrx_word' id='word_1_38' title='bbox 1297 945 1313 987; x_wconf 79' lang='lat' dir='ltr'><strong>s</strong></span> 
     </span>
     <span class='ocr_line' id='line_1_7' title="bbox 313 1029 1267 1113; baseline -0.002 -19"><span class='ocrx_word' id='word_1_39' title='bbox 313 1032 432 1109; x_wconf 89' lang='lat' dir='ltr'><strong>funda,</strong></span> <span class='ocrx_word' id='word_1_40' title='bbox 463 1051 509 1095; x_wconf 92' lang='lat' dir='ltr'><strong>an</strong></span> <span class='ocrx_word' id='word_1_41' title='bbox 537 1032 642 1095; x_wconf 90' lang='lat' dir='ltr'><strong>sobrii</strong></span> <span class='ocrx_word' id='word_1_42' title='bbox 668 1031 755 1108; x_wconf 88' lang='lat' dir='ltr'><strong>sitis,</strong></span> <span class='ocrx_word' id='word_1_43' title='bbox 780 1039 816 1095; x_wconf 91' lang='lat' dir='ltr'><strong>et</strong></span> <span class='ocrx_word' id='word_1_44' title='bbox 842 1029 992 1113; x_wconf 80' lang='lat' dir='ltr'><strong>perfecte</strong></span> <span class='ocrx_word' id='word_1_45' title='bbox 1017 1029 1267 1093; x_wconf 88' lang='lat' dir='ltr'><strong>sacerdotalem</strong></span> 
     </span>
     <span class='ocr_line' id='line_1_8' title="bbox 312 1128 1266 1214; baseline -0.003 -18"><span class='ocrx_word' id='word_1_46' title='bbox 312 1133 461 1214; x_wconf 84' lang='lat' dir='ltr'><strong>gratiam</strong></span> <span class='ocrx_word' id='word_1_47' title='bbox 498 1130 764 1195; x_wconf 81' lang='lat' dir='ltr'><strong>examinandam</strong></span> <span class='ocrx_word' id='word_1_48' title='bbox 802 1130 839 1193; x_wconf 92' lang='lat' dir='ltr'><strong>in</strong></span> <span class='ocrx_word' id='word_1_49' title='bbox 874 1129 1016 1194; x_wconf 91' lang='lat' dir='ltr'><strong>Domini</strong></span> <span class='ocrx_word' id='word_1_50' title='bbox 1054 1128 1266 1193; x_wconf 85' lang='lat' dir='ltr'><strong>revelatione</strong></span> 
     </span>
     <span class='ocr_line' id='line_1_9' title="bbox 312 1229 1265 1309; baseline -0.001 -14"><span class='ocrx_word' id='word_1_51' title='bbox 312 1231 535 1296; x_wconf 88' lang='lat' dir='ltr'><strong>conservetis.</strong></span> <span class='ocrx_word' id='word_1_52' title='bbox 588 1231 635 1296; x_wconf 89' lang='lat' dir='ltr'><strong>Et</strong></span> <span class='ocrx_word' id='word_1_53' title='bbox 648 1233 772 1295; x_wconf 90' lang='lat' dir='ltr'><strong>iterum</strong></span> <span class='ocrx_word' id='word_1_54' title='bbox 791 1231 886 1308; x_wconf 87' lang='lat' dir='ltr'><strong>dicit,</strong></span> <span class='ocrx_word' id='word_1_55' title='bbox 903 1229 1014 1309; x_wconf 84' lang='lat' dir='ltr'><strong>Quasi</strong></span> <span class='ocrx_word' id='word_1_56' title='bbox 1029 1229 1091 1292; x_wconf 92' lang='lat' dir='ltr'><strong>filii</strong></span> <span class='ocrx_word' id='word_1_57' title='bbox 1105 1229 1265 1294; x_wconf 89' lang='lat' dir='ltr'><strong>bencdic-</strong></span> 
     </span>
     <span class='ocr_line' id='line_1_10' title="bbox 312 1329 1264 1416; baseline 0 -22"><span class='ocrx_word' id='word_1_58' title='bbox 312 1332 416 1416; x_wconf 91' lang='lat' dir='ltr'><strong>tionis</strong></span> <span class='ocrx_word' id='word_1_59' title='bbox 439 1352 510 1396; x_wconf 93' lang='lat' dir='ltr'><strong>non</strong></span> <span class='ocrx_word' id='word_1_60' title='bbox 532 1331 788 1415; x_wconf 87' lang='lat' dir='ltr'><strong>configurantes</strong></span> <span class='ocrx_word' id='word_1_61' title='bbox 811 1351 873 1396; x_wconf 88' lang='lat' dir='ltr'><strong>vos</strong></span> <span class='ocrx_word' id='word_1_62' title='bbox 889 1330 958 1393; x_wconf 84' lang='lat' dir='ltr'><strong>illis</strong></span> <span class='ocrx_word' id='word_1_63' title='bbox 981 1329 1153 1414; x_wconf 90' lang='lat' dir='ltr'><strong>prioribus</strong></span> <span class='ocrx_word' id='word_1_64' title='bbox 1163 1330 1264 1412; x_wconf 90' lang='lat' dir='ltr'><strong>igno·</strong></span> 
     </span>
     <span class='ocr_line' id='line_1_11' title="bbox 312 1429 1311 1512; baseline -0.001 -17"><span class='ocrx_word' id='word_1_65' title='bbox 312 1433 435 1497; x_wconf 86' lang='lat' dir='ltr'><strong>rantiae</strong></span> <span class='ocrx_word' id='word_1_66' title='bbox 452 1440 577 1497; x_wconf 89' lang='lat' dir='ltr'><strong>vestrae</strong></span> <span class='ocrx_word' id='word_1_67' title='bbox 592 1431 782 1509; x_wconf 88' lang='lat' dir='ltr'><strong>desideriis,</strong></span> <span class='ocrx_word' id='word_1_68' title='bbox 796 1431 856 1495; x_wconf 89' lang='lat' dir='ltr'><strong>sed</strong></span> <span class='ocrx_word' id='word_1_69' title='bbox 874 1431 1064 1494; x_wconf 92' lang='lat' dir='ltr'><strong>secundum</strong></span> <span class='ocrx_word' id='word_1_70' title='bbox 1079 1429 1181 1506; x_wconf 90' lang='lat' dir='ltr'><strong>Eum,</strong></span> <span class='ocrx_word' id='word_1_71' title='bbox 1205 1431 1262 1512; x_wconf 89' lang='lat' dir='ltr'><strong>qui</strong></span> <span class='ocrx_word' id='word_1_72' title='bbox 1280 1439 1311 1483; x_wconf 86' lang='lat'><strong>1⁰</strong></span> 
     </span>
     <span class='ocr_line' id='line_1_12' title="bbox 310 1531 1264 1609; baseline -0.002 -13"><span class='ocrx_word' id='word_1_73' title='bbox 310 1552 373 1596; x_wconf 87' lang='lat' dir='ltr'><strong>vos</strong></span> <span class='ocrx_word' id='word_1_74' title='bbox 396 1532 535 1598; x_wconf 91' lang='lat' dir='ltr'><strong>vocavit</strong></span> <span class='ocrx_word' id='word_1_75' title='bbox 556 1539 707 1609; x_wconf 69' lang='lat' dir='ltr'><strong>sanctos</strong></span> <span class='ocrx_word' id='word_1_76' title='bbox 731 1539 766 1596; x_wconf 92' lang='lat' dir='ltr'><strong>et</strong></span> <span class='ocrx_word' id='word_1_77' title='bbox 787 1551 851 1597; x_wconf 91' lang='lat' dir='ltr'><strong>vos</strong></span> <span class='ocrx_word' id='word_1_78' title='bbox 873 1532 985 1595; x_wconf 89' lang='lat' dir='ltr'><strong>sancti</strong></span> <span class='ocrx_word' id='word_1_79' title='bbox 1006 1531 1043 1594; x_wconf 91' lang='lat' dir='ltr'><strong>in</strong></span> <span class='ocrx_word' id='word_1_80' title='bbox 1065 1531 1158 1594; x_wconf 94' lang='lat' dir='ltr'><strong>omni</strong></span> <span class='ocrx_word' id='word_1_81' title='bbox 1181 1550 1264 1594; x_wconf 90' lang='lat' dir='ltr'><strong>con-</strong></span> 
     </span>
     <span class='ocr_line' id='line_1_13' title="bbox 310 1630 1264 1715; baseline -0.001 -20"><span class='ocrx_word' id='word_1_82' title='bbox 310 1634 506 1696; x_wconf 86' lang='lat' dir='ltr'><strong>versatione</strong></span> <span class='ocrx_word' id='word_1_83' title='bbox 534 1639 657 1710; x_wconf 91' lang='lat' dir='ltr'><strong>estote,</strong></span> <span class='ocrx_word' id='word_1_84' title='bbox 693 1639 836 1715; x_wconf 89' lang='lat' dir='ltr'><strong>propter</strong></span> <span class='ocrx_word' id='word_1_85' title='bbox 871 1632 963 1714; x_wconf 92' lang='lat' dir='ltr'><strong>quod</strong></span> <span class='ocrx_word' id='word_1_86' title='bbox 999 1630 1165 1712; x_wconf 89' lang='lat' dir='ltr'><strong>scriptum</strong></span> <span class='ocrx_word' id='word_1_87' title='bbox 1199 1639 1264 1709; x_wconf 90' lang='lat' dir='ltr'><strong>est,</strong></span> 
     </span>
     <span class='ocr_line' id='line_1_14' title="bbox 310 1729 1263 1814; baseline 0.002 -20"><span class='ocrx_word' id='word_1_88' title='bbox 310 1731 430 1796; x_wconf 88' lang='lat' dir='ltr'><strong>Sancti</strong></span> <span class='ocrx_word' id='word_1_89' title='bbox 448 1739 570 1808; x_wconf 86' lang='lat' dir='ltr'><strong>estote,</strong></span> <span class='ocrx_word' id='word_1_90' title='bbox 586 1732 668 1814; x_wconf 91' lang='lat' dir='ltr'><strong>quia</strong></span> <span class='ocrx_word' id='word_1_91' title='bbox 689 1752 755 1814; x_wconf 92' lang='lat' dir='ltr'><strong>ego</strong></span> <span class='ocrx_word' id='word_1_92' title='bbox 777 1751 854 1795; x_wconf 92' lang='lat' dir='ltr'><strong>sum</strong></span> <span class='ocrx_word' id='word_1_93' title='bbox 871 1738 1024 1795; x_wconf 89' lang='lat' dir='ltr'><strong>sanctus.</strong></span> <span class='ocrx_word' id='word_1_94' title='bbox 1073 1729 1162 1808; x_wconf 86' lang='lat' dir='ltr'><strong>Quis</strong></span> <span class='ocrx_word' id='word_1_95' title='bbox 1178 1751 1263 1812; x_wconf 91' lang='lat' dir='ltr'><strong>rogo</strong></span> 
     </span>
     <span class='ocr_line' id='line_1_15' title="bbox 309 1830 1263 1897; baseline -0.002 -1"><span class='ocrx_word' id='word_1_96' title='bbox 309 1840 464 1896; x_wconf 89' lang='lat' dir='ltr'><strong>vestrum</strong></span> <span class='ocrx_word' id='word_1_97' title='bbox 486 1832 537 1895; x_wconf 92' lang='lat' dir='ltr'><strong>ita</strong></span> <span class='ocrx_word' id='word_1_98' title='bbox 560 1833 781 1897; x_wconf 87' lang='lat' dir='ltr'><strong>sanctitatem</strong></span> <span class='ocrx_word' id='word_1_99' title='bbox 803 1839 878 1896; x_wconf 91' lang='lat' dir='ltr'><strong>toto</strong></span> <span class='ocrx_word' id='word_1_100' title='bbox 901 1830 1008 1896; x_wconf 86' lang='lat' dir='ltr'><strong>animi</strong></span> <span class='ocrx_word' id='word_1_101' title='bbox 1038 1830 1160 1895; x_wconf 86' lang='lat' dir='ltr'><strong>ardore</strong></span> <span class='ocrx_word' id='word_1_102' title='bbox 1189 1850 1263 1895; x_wconf 92' lang='lat' dir='ltr'><strong>sec·</strong></span> 
     </span>
     <span class='ocr_line' id='line_1_16' title="bbox 310 1930 1308 2014; baseline 0 -19"><span class='ocrx_word' id='word_1_103' title='bbox 310 1939 404 1996; x_wconf 92' lang='lat' dir='ltr'><strong>tatus</strong></span> <span class='ocrx_word' id='word_1_104' title='bbox 428 1939 493 2009; x_wconf 91' lang='lat' dir='ltr'><strong>est,</strong></span> <span class='ocrx_word' id='word_1_105' title='bbox 515 1938 555 1995; x_wconf 93' lang='lat' dir='ltr'><strong>ut</strong></span> <span class='ocrx_word' id='word_1_106' title='bbox 574 1931 650 2011; x_wconf 91' lang='lat' dir='ltr'><strong>hoc,</strong></span> <span class='ocrx_word' id='word_1_107' title='bbox 672 1939 840 2014; x_wconf 86' lang='lat' dir='ltr'><strong>quantum</strong></span> <span class='ocrx_word' id='word_1_108' title='bbox 864 1931 902 1995; x_wconf 92' lang='lat' dir='ltr'><strong>in</strong></span> <span class='ocrx_word' id='word_1_109' title='bbox 924 1951 961 1995; x_wconf 89' lang='lat' dir='ltr'><strong>so</strong></span> <span class='ocrx_word' id='word_1_110' title='bbox 987 1939 1052 2009; x_wconf 93' lang='lat' dir='ltr'><strong>est,</strong></span> <span class='ocrx_word' id='word_1_111' title='bbox 1070 1932 1171 1995; x_wconf 91' lang='lat' dir='ltr'><strong>avide</strong></span> <span class='ocrx_word' id='word_1_112' title='bbox 1195 1930 1262 1995; x_wconf 89' lang='lat' dir='ltr'><strong>fes·</strong></span> <span class='ocrx_word' id='word_1_113' title='bbox 1279 1937 1308 1983; x_wconf 78' lang='lat'><strong>¹⁵</strong></span> 
     </span>
     <span class='ocr_line' id='line_1_17' title="bbox 310 2031 1264 2115; baseline 0 -19"><span class='ocrx_word' id='word_1_114' title='bbox 310 2033 437 2097; x_wconf 93' lang='lat' dir='ltr'><strong>tinaret</strong></span> <span class='ocrx_word' id='word_1_115' title='bbox 458 2032 624 2115; x_wconf 82' lang='lat' dir='ltr'><strong>impleret</strong></span> <span class='ocrx_word' id='word_1_116' title='bbox 677 2032 744 2096; x_wconf 90' lang='lat' dir='ltr'><strong>Sed</strong></span> <span class='ocrx_word' id='word_1_117' title='bbox 759 2031 936 2096; x_wconf 92' lang='lat' dir='ltr'><strong>videamus</strong></span> <span class='ocrx_word' id='word_1_118' title='bbox 959 2031 1042 2114; x_wconf 91' lang='lat' dir='ltr'><strong>quid</strong></span> <span class='ocrx_word' id='word_1_119' title='bbox 1057 2032 1092 2094; x_wconf 92' lang='lat' dir='ltr'><strong>in</strong></span> <span class='ocrx_word' id='word_1_120' title='bbox 1109 2031 1264 2115; x_wconf 89' lang='lat' dir='ltr'><strong>ejusdem</strong></span> 
     </span>
     <span class='ocr_line' id='line_1_18' title="bbox 309 2132 1263 2210; baseline 0.002 -15"><span class='ocrx_word' id='word_1_121' title='bbox 309 2133 462 2197; x_wconf 86' lang='lat' dir='ltr'><strong>secunda</strong></span> <span class='ocrx_word' id='word_1_122' title='bbox 496 2132 662 2196; x_wconf 87' lang='lat' dir='ltr'><strong>Lectione</strong></span> <span class='ocrx_word' id='word_1_123' title='bbox 700 2132 928 2197; x_wconf 89' lang='lat' dir='ltr'><strong>contineatur.</strong></span> <span class='ocrx_word' id='word_1_124' title='bbox 982 2132 1171 2210; x_wconf 76' lang='lat' dir='ltr'><strong>carissimi,</strong></span> <span class='ocrx_word' id='word_1_125' title='bbox 1209 2134 1263 2197; x_wconf 92' lang='lat' dir='ltr'><strong>in·</strong></span> 
     </span>
     <span class='ocr_line' id='line_1_19' title="bbox 309 2233 1263 2315; baseline 0.002 -19"><span class='ocrx_word' id='word_1_126' title='bbox 309 2234 396 2315; x_wconf 92' lang='lat' dir='ltr'><strong>quit,</strong></span> <span class='ocrx_word' id='word_1_127' title='bbox 426 2234 559 2296; x_wconf 90' lang='lat' dir='ltr'><strong>animas</strong></span> <span class='ocrx_word' id='word_1_128' title='bbox 587 2240 722 2298; x_wconf 88' lang='lat' dir='ltr'><strong>vestras</strong></span> <span class='ocrx_word' id='word_1_129' title='bbox 752 2233 941 2297; x_wconf 88' lang='lat' dir='ltr'><strong>castificate</strong></span> <span class='ocrx_word' id='word_1_130' title='bbox 963 2233 1007 2297; x_wconf 84' lang='lat' dir='ltr'><strong>ad</strong></span> <span class='ocrx_word' id='word_1_131' title='bbox 1037 2233 1263 2298; x_wconf 90' lang='lat' dir='ltr'><strong>obediendum</strong></span> 
     </span>
     <span class='ocr_line' id='line_1_20' title="bbox 310 2331 1262 2416; baseline 0.002 -20"><span class='ocrx_word' id='word_1_132' title='bbox 310 2333 389 2397; x_wconf 88' lang='lat' dir='ltr'><strong>fidei</strong></span> <span class='ocrx_word' id='word_1_133' title='bbox 414 2353 476 2415; x_wconf 92' lang='lat' dir='ltr'><strong>per</strong></span> <span class='ocrx_word' id='word_1_134' title='bbox 497 2332 655 2416; x_wconf 90' lang='lat' dir='ltr'><strong>spiritum</strong></span> <span class='ocrx_word' id='word_1_135' title='bbox 674 2334 711 2395; x_wconf 91' lang='lat' dir='ltr'><strong>in</strong></span> <span class='ocrx_word' id='word_1_136' title='bbox 729 2333 886 2411; x_wconf 87' lang='lat' dir='ltr'><strong>caritate,</strong></span> <span class='ocrx_word' id='word_1_137' title='bbox 906 2333 942 2396; x_wconf 88' lang='lat' dir='ltr'><strong>in</strong></span> <span class='ocrx_word' id='word_1_138' title='bbox 964 2331 1192 2410; x_wconf 86' lang='lat' dir='ltr'><strong>fraternitate,</strong></span> <span class='ocrx_word' id='word_1_139' title='bbox 1217 2354 1262 2398; x_wconf 87' lang='lat' dir='ltr'><strong>ex</strong></span> 
     </span>
     <span class='ocr_line' id='line_1_21' title="bbox 311 2432 1309 2516; baseline -0.002 -19"><span class='ocrx_word' id='word_1_140' title='bbox 311 2433 413 2497; x_wconf 90' lang='lat' dir='ltr'><strong>corde</strong></span> <span class='ocrx_word' id='word_1_141' title='bbox 427 2454 509 2498; x_wconf 91' lang='lat' dir='ltr'><strong>vero</strong></span> <span class='ocrx_word' id='word_1_142' title='bbox 523 2432 671 2496; x_wconf 91' lang='lat' dir='ltr'><strong>invicem</strong></span> <span class='ocrx_word' id='word_1_143' title='bbox 680 2433 863 2514; x_wconf 83' lang='lat' dir='ltr'><strong>diligentes</strong></span> <span class='ocrx_word' id='word_1_144' title='bbox 873 2440 1146 2516; x_wconf 87' lang='lat' dir='ltr'><strong>perseveranter,</strong></span> <span class='ocrx_word' id='word_1_145' title='bbox 1162 2435 1262 2516; x_wconf 89' lang='lat' dir='ltr'><strong>quasi</strong></span> <span class='ocrx_word' id='word_1_146' title='bbox 1276 2453 1309 2496; x_wconf 82' lang='lat' dir='ltr'><strong>no</strong></span> 
     </span>
     <span class='ocr_line' id='line_1_22' title="bbox 311 2533 1262 2616; baseline 0.004 -21"><span class='ocrx_word' id='word_1_147' title='bbox 311 2534 421 2597; x_wconf 89' lang='lat' dir='ltr'><strong>renati</strong></span> <span class='ocrx_word' id='word_1_148' title='bbox 437 2553 507 2599; x_wconf 91' lang='lat' dir='ltr'><strong>non</strong></span> <span class='ocrx_word' id='word_1_149' title='bbox 529 2553 574 2596; x_wconf 85' lang='lat' dir='ltr'><strong>ex</strong></span> <span class='ocrx_word' id='word_1_150' title='bbox 590 2533 719 2597; x_wconf 89' lang='lat' dir='ltr'><strong>semine</strong></span> <span class='ocrx_word' id='word_1_151' title='bbox 733 2534 961 2616; x_wconf 89' lang='lat' dir='ltr'><strong>corruptibili,</strong></span> <span class='ocrx_word' id='word_1_152' title='bbox 978 2533 1038 2596; x_wconf 91' lang='lat' dir='ltr'><strong>sed</strong></span> <span class='ocrx_word' id='word_1_153' title='bbox 1054 2533 1262 2615; x_wconf 91' lang='lat' dir='ltr'><strong>incorrupti-</strong></span> 
     </span>
     <span class='ocr_line' id='line_1_23' title="bbox 310 2633 1225 2716; baseline 0.001 -19"><span class='ocrx_word' id='word_1_154' title='bbox 310 2635 381 2710; x_wconf 92' lang='lat' dir='ltr'><strong>bili,</strong></span> <span class='ocrx_word' id='word_1_155' title='bbox 400 2635 502 2697; x_wconf 86' lang='lat' dir='ltr'><strong>verbo</strong></span> <span class='ocrx_word' id='word_1_156' title='bbox 519 2633 586 2696; x_wconf 88' lang='lat' dir='ltr'><strong>Dei</strong></span> <span class='ocrx_word' id='word_1_157' title='bbox 601 2634 683 2710; x_wconf 86' lang='lat' dir='ltr'><strong>vivi,</strong></span> <span class='ocrx_word' id='word_1_158' title='bbox 697 2640 732 2696; x_wconf 92' lang='lat' dir='ltr'><strong>et</strong></span> <span class='ocrx_word' id='word_1_159' title='bbox 747 2636 978 2716; x_wconf 88' lang='lat' dir='ltr'><strong>permanentis</strong></span> <span class='ocrx_word' id='word_1_160' title='bbox 994 2635 1029 2697; x_wconf 93' lang='lat' dir='ltr'><strong>in</strong></span> <span class='ocrx_word' id='word_1_161' title='bbox 1047 2642 1225 2698; x_wconf 72' lang='lat' dir='ltr'><strong>aeternum.</strong></span> 
     </span>
     <span class='ocr_line' id='line_1_24' title="bbox 362 2733 1263 2817; baseline 0.004 -21"><span class='ocrx_word' id='word_1_162' title='bbox 362 2734 468 2817; x_wconf 64' lang='lat' dir='ltr'><strong>§loa</strong></span> <span class='ocrx_word' id='word_1_163' title='bbox 494 2733 584 2797; x_wconf 88' lang='lat' dir='ltr'><strong>Haec</strong></span> <span class='ocrx_word' id='word_1_164' title='bbox 605 2734 740 2816; x_wconf 88' lang='lat' dir='ltr'><strong>quidem</strong></span> <span class='ocrx_word' id='word_1_165' title='bbox 764 2735 808 2797; x_wconf 93' lang='lat' dir='ltr'><strong>ab</strong></span> <span class='ocrx_word' id='word_1_166' title='bbox 831 2733 1003 2816; x_wconf 88' lang='lat' dir='ltr'><strong>Apostolo</strong></span> <span class='ocrx_word' id='word_1_167' title='bbox 1028 2735 1204 2812; x_wconf 88' lang='lat' dir='ltr'><strong>mandata,</strong></span> <span class='ocrx_word' id='word_1_168' title='bbox 1228 2744 1263 2800; x_wconf 88' lang='lat' dir='ltr'><strong>et</strong></span> 
     </span>
     <span class='ocr_line' id='line_1_25' title="bbox 309 2833 1262 2918; baseline 0.005 -23"><span class='ocrx_word' id='word_1_169' title='bbox 309 2833 346 2895; x_wconf 92' lang='lat' dir='ltr'><strong>in</strong></span> <span class='ocrx_word' id='word_1_170' title='bbox 368 2835 423 2897; x_wconf 92' lang='lat' dir='ltr'><strong>die</strong></span> <span class='ocrx_word' id='word_1_171' title='bbox 450 2835 676 2898; x_wconf 88' lang='lat' dir='ltr'><strong>ordinationis</strong></span> <span class='ocrx_word' id='word_1_172' title='bbox 698 2842 823 2899; x_wconf 88' lang='lat' dir='ltr'><strong>vestrae</strong></span> <span class='ocrx_word' id='word_1_173' title='bbox 846 2834 947 2912; x_wconf 91' lang='lat' dir='ltr'><strong>lecta,</strong></span> <span class='ocrx_word' id='word_1_174' title='bbox 966 2842 1005 2898; x_wconf 92' lang='lat' dir='ltr'><strong>ut</strong></span> <span class='ocrx_word' id='word_1_175' title='bbox 1025 2855 1066 2898; x_wconf 91' lang='lat' dir='ltr'><strong>ea</strong></span> <span class='ocrx_word' id='word_1_176' title='bbox 1089 2835 1262 2918; x_wconf 89' lang='lat' dir='ltr'><strong>indirupte</strong></span> 
     </span>
     <span class='ocr_line' id='line_1_26' title="bbox 310 2934 1336 3019; baseline 0 -24"><span class='ocrx_word' id='word_1_177' title='bbox 310 2934 540 3011; x_wconf 63' lang='lat' dir='ltr'><strong>custodiretis</strong></span> <span class='ocrx_word' id='word_1_178' title='bbox 571 2935 630 2998; x_wconf 90' lang='lat' dir='ltr'><strong>sed</strong></span> <span class='ocrx_word' id='word_1_179' title='bbox 660 2955 878 3016; x_wconf 88' lang='lat' dir='ltr'><strong>nequaquam</strong></span> <span class='ocrx_word' id='word_1_180' title='bbox 903 2954 924 2998; x_wconf 91' lang='lat' dir='ltr'><strong>a</strong></span> <span class='ocrx_word' id='word_1_181' title='bbox 950 2936 1049 2999; x_wconf 89' lang='lat' dir='ltr'><strong>vobis</strong></span> <span class='ocrx_word' id='word_1_182' title='bbox 1074 2936 1110 2997; x_wconf 93' lang='lat' dir='ltr'><strong>in</strong></span> <span class='ocrx_word' id='word_1_183' title='bbox 1130 2936 1305 3019; x_wconf 76' lang='lat' dir='ltr'><strong>judicioas</strong></span> <span class='ocrx_word' id='word_1_184' title='bbox 1334 2973 1336 2978; x_wconf 91' lang='lat'><em>·</em></span> 
     </span>
     <span class='ocr_line' id='line_1_27' title="bbox 309 3033 1261 3117; baseline 0.006 -22"><span class='ocrx_word' id='word_1_185' title='bbox 309 3033 462 3116; x_wconf 91' lang='lat' dir='ltr'><strong>impleta,</strong></span> <span class='ocrx_word' id='word_1_186' title='bbox 487 3035 547 3097; x_wconf 91' lang='lat' dir='ltr'><strong>sed</strong></span> <span class='ocrx_word' id='word_1_187' title='bbox 571 3056 634 3098; x_wconf 89' lang='lat' dir='ltr'><strong>nec</strong></span> <span class='ocrx_word' id='word_1_188' title='bbox 658 3035 803 3098; x_wconf 91' lang='lat' dir='ltr'><strong>multum</strong></span> <span class='ocrx_word' id='word_1_189' title='bbox 826 3037 980 3117; x_wconf 90' lang='lat' dir='ltr'><strong>cogitata</strong></span> <span class='ocrx_word' id='word_1_190' title='bbox 1005 3035 1060 3099; x_wconf 90' lang='lat' dir='ltr'><strong>vel</strong></span> <span class='ocrx_word' id='word_1_191' title='bbox 1085 3036 1261 3101; x_wconf 87' lang='lat' dir='ltr'><strong>intellecta</strong></span> 
     </span>
     <span class='ocr_line' id='line_1_28' title="bbox 310 3135 1260 3218; baseline 0.005 -23"><span class='ocrx_word' id='word_1_192' title='bbox 310 3142 402 3198; x_wconf 88' lang='lat' dir='ltr'><strong>sunt.</strong></span> <span class='ocrx_word' id='word_1_193' title='bbox 456 3135 502 3198; x_wconf 85' lang='lat' dir='ltr'><strong>Et</strong></span> <span class='ocrx_word' id='word_1_194' title='bbox 523 3135 625 3212; x_wconf 88' lang='lat' dir='ltr'><strong>infra,</strong></span> <span class='ocrx_word' id='word_1_195' title='bbox 651 3135 874 3217; x_wconf 90' lang='lat' dir='ltr'><strong>Deponentes</strong></span> <span class='ocrx_word' id='word_1_196' title='bbox 897 3135 1004 3218; x_wconf 88' lang='lat' dir='ltr'><strong>igitur</strong></span> <span class='ocrx_word' id='word_1_197' title='bbox 1029 3157 1164 3199; x_wconf 92' lang='lat' dir='ltr'><strong>omnem</strong></span> <span class='ocrx_word' id='word_1_198' title='bbox 1188 3159 1260 3201; x_wconf 92' lang='lat' dir='ltr'><strong>ma-</strong></span> 
     </span>
     <span class='ocr_line' id='line_1_29' title="bbox 310 3234 1262 3314; baseline 0.004 -17"><span class='ocrx_word' id='word_1_199' title='bbox 310 3234 431 3312; x_wconf 90' lang='lat' dir='ltr'><strong>litiam,</strong></span> <span class='ocrx_word' id='word_1_200' title='bbox 463 3242 498 3298; x_wconf 89' lang='lat' dir='ltr'><strong>et</strong></span> <span class='ocrx_word' id='word_1_201' title='bbox 527 3255 663 3299; x_wconf 89' lang='lat' dir='ltr'><strong>omnem</strong></span> <span class='ocrx_word' id='word_1_202' title='bbox 693 3235 821 3312; x_wconf 92' lang='lat' dir='ltr'><strong>dolum,</strong></span> <span class='ocrx_word' id='word_1_203' title='bbox 857 3243 892 3299; x_wconf 93' lang='lat' dir='ltr'><strong>et</strong></span> <span class='ocrx_word' id='word_1_204' title='bbox 926 3237 1192 3314; x_wconf 88' lang='lat' dir='ltr'><strong>simulationem,</strong></span> <span class='ocrx_word' id='word_1_205' title='bbox 1226 3246 1262 3302; x_wconf 89' lang='lat' dir='ltr'><strong>et</strong></span> 
     </span>
     <span class='ocr_line' id='line_1_30' title="bbox 308 3333 1260 3419; baseline 0.005 -24"><span class='ocrx_word' id='word_1_206' title='bbox 308 3333 485 3416; x_wconf 88' lang='lat' dir='ltr'><strong>invidiam,</strong></span> <span class='ocrx_word' id='word_1_207' title='bbox 510 3343 544 3399; x_wconf 89' lang='lat' dir='ltr'><strong>et</strong></span> <span class='ocrx_word' id='word_1_208' title='bbox 567 3334 809 3413; x_wconf 90' lang='lat' dir='ltr'><strong>detractiones,</strong></span> <span class='ocrx_word' id='word_1_209' title='bbox 833 3337 1046 3400; x_wconf 88' lang='lat' dir='ltr'><strong>sicutmodo</strong></span> <span class='ocrx_word' id='word_1_210' title='bbox 1074 3338 1182 3419; x_wconf 88' lang='lat' dir='ltr'><strong>geniti</strong></span> <span class='ocrx_word' id='word_1_211' title='bbox 1207 3339 1260 3400; x_wconf 94' lang='lat' dir='ltr'><strong>in-</strong></span> 
     </span>
     <span class='ocr_line' id='line_1_31' title="bbox 309 3435 1306 3520; baseline 0.005 -23"><span class='ocrx_word' id='word_1_212' title='bbox 309 3435 434 3512; x_wconf 88' lang='lat' dir='ltr'><strong>fantes,</strong></span> <span class='ocrx_word' id='word_1_213' title='bbox 451 3436 685 3513; x_wconf 88' lang='lat' dir='ltr'><strong>rationabiles,</strong></span> <span class='ocrx_word' id='word_1_214' title='bbox 707 3444 743 3500; x_wconf 92' lang='lat' dir='ltr'><strong>et</strong></span> <span class='ocrx_word' id='word_1_215' title='bbox 757 3436 831 3499; x_wconf 89' lang='lat' dir='ltr'><strong>sine</strong></span> <span class='ocrx_word' id='word_1_216' title='bbox 849 3437 928 3500; x_wconf 94' lang='lat' dir='ltr'><strong>dolo</strong></span> <span class='ocrx_word' id='word_1_217' title='bbox 943 3437 998 3501; x_wconf 89' lang='lat' dir='ltr'><strong>lac</strong></span> <span class='ocrx_word' id='word_1_218' title='bbox 1017 3438 1260 3520; x_wconf 89' lang='lat' dir='ltr'><strong>concupiscite,</strong></span> <span class='ocrx_word' id='word_1_219' title='bbox 1275 3451 1306 3495; x_wconf 80' lang='lat'><strong>30</strong></span> 
     </span>
     <span class='ocr_line' id='line_1_32' title="bbox 308 3536 1262 3618; baseline 0.006 -21"><span class='ocrx_word' id='word_1_220' title='bbox 308 3543 347 3599; x_wconf 94' lang='lat' dir='ltr'><strong>ut</strong></span> <span class='ocrx_word' id='word_1_221' title='bbox 380 3556 420 3599; x_wconf 91' lang='lat' dir='ltr'><strong>eo</strong></span> <span class='ocrx_word' id='word_1_222' title='bbox 444 3537 607 3600; x_wconf 89' lang='lat' dir='ltr'><strong>crescatis</strong></span> <span class='ocrx_word' id='word_1_223' title='bbox 634 3536 671 3598; x_wconf 92' lang='lat' dir='ltr'><strong>in</strong></span> <span class='ocrx_word' id='word_1_224' title='bbox 698 3537 856 3613; x_wconf 91' lang='lat' dir='ltr'><strong>salutem,</strong></span> <span class='ocrx_word' id='word_1_225' title='bbox 883 3537 1046 3618; x_wconf 91' lang='lat' dir='ltr'><strong>quoniam</strong></span> <span class='ocrx_word' id='word_1_226' title='bbox 1070 3539 1179 3601; x_wconf 92' lang='lat' dir='ltr'><strong>dulcis</strong></span> <span class='ocrx_word' id='word_1_227' title='bbox 1208 3548 1262 3604; x_wconf 90' lang='lat' dir='ltr'><strong>est</strong></span> 
     </span>
     <span class='ocr_line' id='line_1_33' title="bbox 309 3635 1260 3720; baseline 0.005 -23"><span class='ocrx_word' id='word_1_228' title='bbox 309 3635 491 3700; x_wconf 90' lang='lat' dir='ltr'><strong>Dominus.</strong></span> <span class='ocrx_word' id='word_1_229' title='bbox 545 3636 752 3717; x_wconf 81' lang='lat' dir='ltr'><strong>Recogitate</strong></span> <span class='ocrx_word' id='word_1_230' title='bbox 790 3656 837 3699; x_wconf 90' lang='lat' dir='ltr'><strong>an</strong></span> <span class='ocrx_word' id='word_1_231' title='bbox 872 3637 946 3700; x_wconf 88' lang='lat' dir='ltr'><strong>haec</strong></span> <span class='ocrx_word' id='word_1_232' title='bbox 980 3657 1117 3720; x_wconf 91' lang='lat' dir='ltr'><strong>quoque</strong></span> <span class='ocrx_word' id='word_1_233' title='bbox 1148 3640 1260 3702; x_wconf 90' lang='lat' dir='ltr'><strong>surdis</strong></span> 
     </span>
     <span class='ocr_line' id='line_1_34' title="bbox 308 3736 1260 3804; baseline 0.006 -7"><span class='ocrx_word' id='word_1_234' title='bbox 308 3736 449 3798; x_wconf 90' lang='lat' dir='ltr'><strong>auribus</strong></span> <span class='ocrx_word' id='word_1_235' title='bbox 484 3755 506 3798; x_wconf 90' lang='lat' dir='ltr'><strong>a</strong></span> <span class='ocrx_word' id='word_1_236' title='bbox 540 3737 638 3799; x_wconf 91' lang='lat' dir='ltr'><strong>vobis</strong></span> <span class='ocrx_word' id='word_1_237' title='bbox 677 3736 796 3800; x_wconf 90' lang='lat' dir='ltr'><strong>audita</strong></span> <span class='ocrx_word' id='word_1_238' title='bbox 832 3738 983 3800; x_wconf 90' lang='lat' dir='ltr'><strong>crebrius</strong></span> <span class='ocrx_word' id='word_1_239' title='bbox 1005 3739 1260 3804; x_wconf 88' lang='lat' dir='ltr'><strong>conculcentur.</strong></span> 
     </span>
     <span class='ocr_line' id='line_1_35' title="bbox 309 3834 1261 3920; baseline 0.006 -23"><span class='ocrx_word' id='word_1_240' title='bbox 309 3834 355 3898; x_wconf 89' lang='lat' dir='ltr'><strong>Et</strong></span> <span class='ocrx_word' id='word_1_241' title='bbox 384 3837 519 3912; x_wconf 89' lang='lat' dir='ltr'><strong>iterum,</strong></span> <span class='ocrx_word' id='word_1_242' title='bbox 550 3835 626 3899; x_wconf 93' lang='lat' dir='ltr'><strong>Vos</strong></span> <span class='ocrx_word' id='word_1_243' title='bbox 658 3845 774 3901; x_wconf 90' lang='lat' dir='ltr'><strong>autem</strong></span> <span class='ocrx_word' id='word_1_244' title='bbox 808 3857 917 3919; x_wconf 93' lang='lat' dir='ltr'><strong>genus</strong></span> <span class='ocrx_word' id='word_1_245' title='bbox 952 3839 1110 3915; x_wconf 89' lang='lat' dir='ltr'><strong>electum,</strong></span> <span class='ocrx_word' id='word_1_246' title='bbox 1145 3841 1261 3920; x_wconf 89' lang='lat' dir='ltr'><strong>regale</strong></span> 
     </span>
    </p>
   </div>
   <div class='ocr_carea' id='block_1_3' title="bbox 343 4082 1118 4224">
    <p class='ocr_par' dir='ltr' id='par_1_3' title="bbox 343 4082 1118 4224">
     <span class='ocr_line' id='line_1_36' title="bbox 343 4082 1118 4150; baseline 0.006 -18"><span class='ocrx_word' id='word_1_247' title='bbox 343 4082 362 4114; x_wconf 81' lang='lat'><strong>¹⁴</strong></span> <span class='ocrx_word' id='word_1_248' title='bbox 381 4086 461 4147; x_wconf 77' lang='lat' dir='ltr'><strong>Tota]</strong></span> <span class='ocrx_word' id='word_1_249' title='bbox 478 4086 508 4134; x_wconf 92' lang='lat' dir='ltr'><strong>V.</strong></span> <span class='ocrx_word' id='word_1_250' title='bbox 518 4102 525 4144; x_wconf 90' lang='lat'>;</span> <span class='ocrx_word' id='word_1_251' title='bbox 537 4100 582 4133; x_wconf 89' lang='lat' dir='ltr'><strong>om.</strong></span> <span class='ocrx_word' id='word_1_252' title='bbox 595 4085 629 4133; x_wconf 91' lang='lat' dir='ltr'><strong>B.</strong></span> <span class='ocrx_word' id='word_1_253' title='bbox 836 4083 854 4113; x_wconf 88' lang='lat'><strong>¹⁵</strong></span> <span class='ocrx_word' id='word_1_254' title='bbox 872 4087 948 4150; x_wconf 75' lang='lat' dir='ltr'><strong>Hoc]</strong></span> <span class='ocrx_word' id='word_1_255' title='bbox 968 4088 996 4138; x_wconf 88' lang='lat' dir='ltr'><strong>V.</strong></span> <span class='ocrx_word' id='word_1_256' title='bbox 1007 4104 1013 4148; x_wconf 83' lang='lat'><strong>;</strong></span> <span class='ocrx_word' id='word_1_257' title='bbox 1026 4103 1071 4136; x_wconf 84' lang='lat' dir='ltr'><strong>om.</strong></span> <span class='ocrx_word' id='word_1_258' title='bbox 1088 4089 1118 4138; x_wconf 82' lang='grc' dir='ltr'><strong>Β.</strong></span> 
     </span>
     <span class='ocr_line' id='line_1_37' title="bbox 343 4151 753 4224; baseline 0 -21"><span class='ocrx_word' id='word_1_259' title='bbox 343 4151 362 4181; x_wconf 87' lang='lat'><strong>¹⁴</strong></span> <span class='ocrx_word' id='word_1_260' title='bbox 380 4151 516 4224; x_wconf 76' lang='lat' dir='ltr'><strong>Sectntas]</strong></span> <span class='ocrx_word' id='word_1_261' title='bbox 534 4156 564 4206; x_wconf 90' lang='lat' dir='ltr'><strong>V.</strong></span> <span class='ocrx_word' id='word_1_262' title='bbox 575 4171 582 4216; x_wconf 88' lang='lat'>;</span> <span class='ocrx_word' id='word_1_263' title='bbox 594 4160 707 4216; x_wconf 87' lang='lat' dir='ltr'><strong>secutus,</strong></span> <span class='ocrx_word' id='word_1_264' title='bbox 719 4155 753 4203; x_wconf 94' lang='lat' dir='ltr'><strong>B.</strong></span> 
     </span>
    </p>
   </div>
   <div class='ocr_carea' id='block_1_4' title="bbox 0 0 1474 4884">
    <p class='ocr_par' dir='ltr' id='par_1_4' title="bbox 0 0 1474 4884">
     <span class='ocr_line' id='line_1_38' title="bbox 0 0 1474 4884; baseline 0 2"><span class='ocrx_word' id='word_1_265' title='bbox 0 0 1474 4884; x_wconf 95' lang='lat' dir='ltr'><strong> </strong></span> 
     </span>
    </p>
   </div>
  </div>
 </body>
</html>
