2940 4884
426 464 429 469 -
514 437 692 486 nrrsrom
716 439 846 486 creon.
1098 427 1162 491 101

208 617 324 679 quam,
340 595 423 678 quid
438 596 600 663 Salvator
615 598 734 663 mundi
748 598 930 681 factorque
941 600 1045 666 dicat.
1085 602 1161 667 Vos

208 696 304 775 esti-S,
328 697 452 780 inquit,
467 699 519 760 sal
544 705 657 777 terrae,
673 700 764 782 quod
790 699 820 762 si
843 700 895 763 sal
919 703 1110 780 evanuerit,
1123 704 1159 767 in

206 817 277 879 quo
291 797 459 862 salietur?
483 798 526 861 ad
549 799 693 863 nihilum
706 801 801 864 valet
817 800 920 878 ultra,
944 803 1010 865 nisi
1026 810 1065 867 ut
1078 810 1158 885 pro-

201 897 345 982 jiciatur
357 898 462 976 soraS,
478 905 518 962 ut
531 900 750 965 conculcetur
762 902 805 964 ab
820 901 1027 967 hominibus,

176 1011 192 1054 ⁵
257 999 340 1082 §93.
356 998 793 1064 Hocunumtestimonium
803 1001 847 1064 ad
856 1000 1084 1067 confutandos
1092 1003 1156 1068 im·
1169 1013 1224 1104 Q?
1233 1015 1270 1108 Ἐς

203 1099 372 1181 pudentes
386 1103 541 1182 quosque
556 1100 693 1164 abundo
715 1100 870 1165 sufficere
891 1111 1020 1184 posset,
1034 1104 1094 1167 sed
1117 1112 1157 1169 ut
1211 1076 1237 1115 ΡΘ
1261 1094 1266 1114 ’

203 1198 471 1264 evidentioribus
499 1199 611 1263 adhuc
644 1201 981 1284 adstipulationibus,
1015 1206 1155 1286 quantis

201 1300 404 1384 semetipsos
412 1299 684 1365 intolerabilibus
693 1301 860 1365 scelerum
870 1301 1021 1367 fascibus
1029 1304 1155 1368 falsihi

201 1400 398 1464 sacerdotes
409 1401 618 1485 opprimant,
633 1402 747 1466 verbis
761 1400 891 1465 Christi
902 1405 1154 1485 comprobetur,

158 1518 190 1565 10
202 1501 319 1582 aliqua
329 1500 544 1566 annectenda
552 1507 645 1567 sunt.
698 1500 861 1585 Sequitur
869 1501 972 1580 enim,
983 1503 1058 1567 Vos
1070 1505 1154 1569 estis

201 1599 263 1664 lux
283 1602 412 1666 mundi.
465 1601 549 1666 Non
576 1608 692 1684 potest
717 1602 839 1667 civitas
862 1603 1026 1666 abscondi
1048 1623 1153 1687 supra

201 1709 353 1766 montem
381 1702 507 1784 posita,
534 1705 646 1784 neq'ue
684 1702 878 1766 accendunt
907 1701 1082 1768 lucernam
1115 1712 1151 1769 et

199 1808 335 1883 ponunt
356 1821 432 1866 eam
456 1803 521 1866 sub
544 1801 670 1879 modio,
684 1802 745 1866 sed
768 1822 872 1885 super
893 1803 1149 1883 candelabrum,

198 1907 239 1964 ut
253 1902 367 1966 luceat
380 1902 550 1980 omnibuS,
565 1902 623 1984 qui
635 1901 673 1965 in
687 1902 788 1966 domo
809 1908 901 1966 sunt.
954 1901 1042 1981 Quis
1065 1925 1148 1986 ergo

155 2003 416 2067 lesacerdotum
434 2001 538 2087 hujus
560 2001 724 2086 temporis
747 2003 798 2065 ita
817 2001 1024 2084 ignorantiae
1048 2004 1148 2067 caeci-

198 2109 305 2166 tatem
318 2103 471 2185 depellit,
486 2109 525 2167 ut
538 2122 600 2166 ceu
622 2101 905 2166 luxclaris'simae
927 2103 1089 2182 lucernae,
1111 2103 1148 2169 in
1222 2105 1227 2112 “

197 2202 315 2285 aliqua
335 2204 437 2268 domo
452 2202 593 2267 'cunctis
615 2209 720 2268 no'ctu
741 2201 968 2266 residentibus
993 2204 1147 2268 scientiae

196 2303 298 2386 simul
311 2311 347 2369 et
360 2305 527 2368 bonorum
543 2323 684 2386 operum
698 2302 857 2386 lampade
871 2303 1013 2368 luceatt
1058 2303 1146 2381 Quis

176 2469 178 2474 ,
195 2401 246 2468 ita
267 2403 437 2469 universis
452 2403 606 2467 ccclesiae
626 2403 706 2467 filiis
722 2410 847 2480 tutum,
863 2403 1048 2485 publicum,
1063 2422 1146 2468 con-²

132 2519 182 2568 ¹ao
195 2505 420 2587 spicuurnquo
449 2503 630 2586 refugium,
659 2510 699 2567 ut
726 2503 774 2568 sit
795 2501 927 2568 civibus
951 2503 1147 2569 firmissima

194 2604 283 2669 forte
306 2606 389 2669 editi
412 2604 540 2668 montis
562 2603 684 2669 civitas
707 2604 836 2668 vertice
860 2602 1060 2681 constituta,
1083 2605 1145 2670 ha-

194 2705 318 2771 beturt
371 2706 438 2770 Sed
453 2704 546 2787 quod
562 2705 729 2786 sequitur,
743 2703 801 2768 Sic
822 2705 938 2767 luceat
950 2703 1013 2766 lux
1029 2713 1146 2770 vestra

193 2805 538 2882 coram‘hominibuS,
563 2813 604 2868 ut
617 2805 758 2869 videant
783 2822 889 2886 opera
902 2811 1020 2868 vestra
1042 2806 1144 2884 bona,

193 2913 229 2970 et
251 2907 474 2989 magnificent
487 2905 629 2969 Patrem
643 2912 809 2982 vestrum,
824 2903 884 2987 qui
902 2904 939 2967 in
961 2905 1059 2968 coelis
1079 2913 1144 2984 est,

146 3023 178 3068 2⁵
193 3008 270 3089 quis
285 3017 403 3082 eorum
416 3027 486 3071 uno
502 3006 623 3069 saltem
639 3005 694 3069 die
709 3011 825 3088 potest
838 3004 1010 3087 impleret
1049 3004 1144 3083 Quin

191 3109 307 3190 potius
323 3107 528 3172 densissima
542 3106 700 3188 quaedam
715 3111 833 3169 eorum
848 3105 984 3182 nebula,
999 3111 1144 3186 atraque

190 3209 427 3289 peccaminum
448 3205 543 3272 omni
568 3206 692 3269 insulae
720 3205 771 3269 ita
794 3204 962 3269 incumbit
993 3224 1075 3282 nox,
1090 3209 1092 3212 ’
1105 3213 1144 3271 ut

192 3327 310 3372 omnes
325 3329 412 3392 pene
428 3327 449 3371 a
464 3307 522 3373 via
536 3314 631 3370 recta
652 3311 799 3381 avertat,
815 3312 855 3367 ac
870 3324 932 3386 per
944 3303 1057 3367 invios
1079 3305 1143 3368 im-

190 3409 393 3493 peditosque
415 3409 581 3472 scelerum
601 3406 707 3469 calles
728 3423 842 3469 errare
866 3403 982 3479 saciat,
997 3422 1144 3484 quorum

145 3531 178 3577 so
191 3529 261 3573 non
275 3510 377 3574 modo
393 3509 501 3573 Pater
516 3505 668 3571 coelestis
683 3525 753 3569 non
772 3504 934 3568 laudatur
949 3523 1011 3585 per
1024 3515 1141 3586 opera,

225 3683 353 3752 'laqait.]
372 3688 438 3737 Mat.
449 3702 474 3736 v.
487 3690 528 3736 13.
714 3679 733 3712 ¹⁷
743 3681 836 3746 Aliqua
854 3684 942 3747 doma]
959 3683 1082 3746 Aliquam
1098 3684 1143 3734 do·

187 3770 189 3775 ·
224 3753 235 3786 ⁶
256 3757 431 3822 Imprudentes]
458 3755 653 3818 Impudentiesi·
677 3768 755 3813 mum,
767 3755 802 3803 Β.

188 3841 252 3889 moe,
268 3827 298 3877 V.
713 3821 843 3874 ¹⁸Luceot.
875 3823 964 3885 Lucet,
976 3824 1011 3874 B.

223 3894 467 3961 ⁷Evtdeatioribas.]
492 3895 652 3958 Evidentius‚
713 3891 732 3924 ¹⁹
746 3894 843 3944 Tutum.
874 3894 974 3954 Totum,
986 3895 1021 3944 Β.

193 3968 223 4018 V.
711 3961 730 3993 ²¹
745 3964 837 4027 natta]
856 3965 892 4013 ut
904 3965 981 4024 edita,
997 3965 1028 4012 e.

223 4035 506 4101 ⁷Adstipulntionibur.]
530 4037 585 4086 Om.
602 4035 632 4085 V.
711 4031 732 4063 ²2
743 4033 881 4097 Sequitur]
899 4034 964 4082 Mat.
976 4048 1000 4083 v.
1013 4035 1053 4082 16.

223 4104 244 4138 ¹⁰
259 4109 306 4159 Vos
317 4108 398 4171 estis]
415 4109 481 4157 Mat.
492 4123 517 4156 v.
529 4111 570 4156 14.
712 4102 732 4132 ²⁵
743 4105 855 4167 Eorum]
873 4105 968 4152 Eorum
978 4102 1057 4165 istud,
1073 4103 1104 4153 V.

216 4177 380 4229 ¹⁵Coecitatem
387 4178 493 4242 depellit,
502 4176 650 4239 attentus]
711 4170 732 4208 27
747 4175 803 4238 Ua]
821 4175 862 4224 Ita
872 4178 910 4234 ut,
924 4174 956 4223 Β.

189 4251 311 4301 Caecitate
321 4263 464 4314 possessus,
475 4253 503 4297 ut
513 4249 568 4312 lux,
580 4248 614 4297 Β.
711 4242 899 4310 ³⁰Peropera.]
922 4245 976 4293 Om.
995 4243 1025 4294 V.
