2940 4884
326 421 391 486 108
642 439 813 487 nrrsrom
836 435 966 483 omnm.

282 605 285 611 '
327 606 409 662 sunt
429 596 577 681 operarii
590 598 738 675 subdoli,
753 595 1041 677 transfigurantes
1062 591 1149 656 sein
1164 589 1280 674 Apos-

321 699 417 763 tolos
449 697 589 761 Christi.
643 698 690 762 Et
718 717 788 761 non
816 697 960 789 mirum3
994 694 1068 775 ipse
1096 694 1187 757 enim
1216 692 1279 758 Sa·

199 789 203 796 ’
327 800 452 862 thanas
476 799 702 881 transfigurat
731 817 769 861 se
792 796 829 859 in
854 794 1016 877 angelum
1043 794 1143 858 lucis.
1197 792 1280 857 Non
1385 801 1396 828 <'

325 907 379 963 est
393 917 557 980 magnum
572 899 678 981 igitur
691 898 722 961 si
735 896 884 960 ministri
898 895 973 979 ejus
989 895 1281 976 transfigurentur

325 1007 365 1063 ut
393 999 509 1081 angeli
532 998 692 1082 justitiae,
722 1016 868 1081 quorum
893 996 972 1060 finis
997 994 1064 1058 erit
1091 994 1280 1058 secundum
1308 1007 1324 1052 ⁵

325 1119 430 1181 opera
444 1119 573 1170 eorum.

377 1199 395 1282 ᾗ
410 1199 485 1263 102.
499 1196 682 1263 Attendite
696 1215 833 1280 quoque
844 1194 926 1278 quid
938 1195 982 1258 ad
994 1194 1164 1278 Ephesios
1172 1195 1278 1259 dicat.

325 1296 385 1362 An
411 1299 551 1363 nescitis
574 1317 637 1371 vos
661 1316 725 1380 pro
748 1296 814 1361 hoc
840 1297 877 1359 in
899 1295 1017 1378 aliquo
1040 1314 1117 1359 reos
1143 1296 1278 1360 tenerit

217 1423 220 1428 ·
327 1397 419 1478 Hoc,
442 1399 614 1481 inquiens,
640 1397 716 1461 dico
741 1405 786 1461 et·
803 1395 970 1460 testificor
996 1397 1033 1458 in
1053 1396 1216 1472 Domine,
1238 1403 1279 1460 ut

320 1499 396 1582 jam
432 1518 502 1564 non
536 1498 718 1562 ambuletis
753 1497 843 1561 sicut
872 1494 1004 1560 Gentes
1033 1496 1212 1560 ambulant
1241 1496 1278 1559 in
1292 1507 1324 1554 ro

325 1600 481 1663 vanitate
496 1617 618 1663 sensus
633 1597 699 1674 sui,
714 1596 864 1661 tenebris
876 1597 1097 1660 obscuratum
1112 1596 1278 1660 habentes

324 1699 550 1776 intellectum,
574 1698 715 1763 alienati
737 1717 758 1760 a
778 1699 836 1762 ria
858 1696 937 1773 Dei,
959 1716 1021 1779 per
1033 1697 1278 1778 ignorantiam,
1332 1739 1334 1741 ·

324 1819 403 1882 quae
426 1807 479 1863 est
494 1799 531 1862 in
545 1799 626 1876 illis,
647 1805 790 1881 propter
811 1797 1003 1861 caecitatem
1020 1797 1132 1861 cordis
1147 1816 1278 1875 eorum,

323 1898 384 1980 qui
418 1899 640 1981 desperantes
673 1898 877 1979 semetipsos
910 1896 1127 1961 tradiderunt
1164 1898 1277 1981 impu-

324 1999 450 2063 dicitiae
473 2001 509 2063 in
525 1999 758 2082 operationem
773 1998 885 2062 omnis
897 1997 1124 2061 immunditiae
1138 2005 1174 2061 et
1192 2005 1322 2062 ava-1⁵

325 2099 425 2164 ritiae.
478 2099 525 2163 Et
561 2101 638 2182 quis
671 2106 825 2163 vestrum
861 2104 986 2180 sponte
1018 2098 1211 2180 expleverit
1240 2098 1276 2162 id

324 2201 417 2282 quod
431 2201 598 2284 sequitur,
617 2199 809 2282 Propterea
824 2198 929 2262 nolite
943 2197 1016 2260 fieri
1028 2198 1275 2280 imprudentes,

323 2301 384 2364 sed
407 2301 641 2382 intelligentes
665 2299 806 2382 quaesit
827 2299 989 2363 voluntas
1010 2299 1090 2376 Dei,
1112 2306 1148 2363 et
1168 2300 1276 2364 nolite

322 2401 485 2465 inebriari
498 2402 591 2479 vino,
614 2401 737 2483 inquo
759 2406 812 2463 est
833 2399 991 2478 luxuria3
1015 2399 1075 2463 sed
1097 2400 1276 2484 replemini

323 2500 454 2583 Spiritu
470 2501 610 2566 Sancto.
1288 2511 1321 2559 2⁰

254 2624 275 2652 ο-
374 2601 482 2686 5103.
506 2602 574 2666 Sed
597 2609 633 2665 et
653 2600 745 2683 quod
766 2600 810 2664 ad
831 2599 1156 2664 Thessalonicenses
1180 2601 1274 2680 dicit,

160 2673 231 2712 Μ’
323 2700 447 2784 Neque
470 2704 560 2766 enim
582 2703 708 2766 fuimus
731 2701 824 2784 apud
845 2721 909 2765 vos
932 2701 1117 2783 aliquando
1143 2703 1179 2765 in
1203 2723 1274 2766 ser·
1315 2722 1323 2742 ¹

321 2823 422 2866 mone
441 2803 662 2879 adulationis
683 2803 773 2865 sicut
790 2802 897 2878 scitis,
918 2820 1030 2883 neque
1044 2803 1080 2864 in
1094 2804 1274 2868 occasione

321 2904 490 2980 avaritiae,
520 2923 583 2966 nec
612 2909 806 2985 quaerentes
835 2903 879 2966 ab
903 2900 1096 2965 hominibus
1121 2904 1273 2984 gloriari,

322 3022 433 3084 neque
467 3023 489 3065 a
517 3003 628 3079 vobiS,
664 3022 775 3084 neque
804 3002 847 3064 ab
878 3002 967 3079 aliis,
995 3022 1073 3065 cum
1102 3006 1273 3085 possimus
1287 3013 1319 3057 2⁵

321 3102 444 3166 honori
478 3122 565 3179 esse,
599 3110 639 3166 ut
673 3102 777 3166 ceteri
808 3101 968 3184 Apostoli
999 3103 1138 3168 Christi.
1205 3105 1273 3169 Sed

321 3202 404 3266 facti
427 3222 546 3266 sumus
568 3203 659 3265 sicut
679 3202 815 3284 parvuli
838 3203 873 3264 in
895 3202 1007 3267 medio
1030 3211 1194 3281 vestrum,
1218 3207 1274 3270 vel

320 3311 486 3386 tanquam
509 3305 538 3367 si
561 3304 679 3366 nutrix
702 3303 819 3367 foveat
839 3305 1004 3384 parvulos
1026 3323 1119 3382 suos
1141 3306 1191 3368 ita
1214 3306 1272 3369 de-

320 3405 509 3468 siderantes
539 3423 602 3468 vos
632 3404 754 3485 cupide
784 3402 984 3467 volebamus
1014 3406 1112 3470 vobis
1137 3406 1272 3471 tradere

319 3523 388 3567 non
411 3505 522 3568 solum
547 3505 787 3586 Evangelium,
816 3503 876 3566 sed
902 3505 1005 3567 etiam
1031 3506 1164 3568 animas
1190 3527 1271 3570 nos·
1286 3522 1319 3566 so

319 3611 403 3668 tras,
456 3605 604 3668 Si-hunc
626 3624 688 3668 vos
711 3602 873 3686 Apostoli
894 3606 1049 3669 retinetis
1063 3606 1099 3668 in
1113 3607 1271 3670 omnibus
1355 3636 1358 3639 ·

318 3705 490 3781 affectum,
509 3705 584 3788 ejus
607 3724 744 3786 quoque
762 3703 934 3767 cathedrae
955 3706 1107 3786 legitime
1122 3708 1270 3773 insidere

318 3805 481 3868 noscatis.
534 3804 602 3868 Vel
626 3805 730 3868 etiam
759 3804 850 3886 quod
873 3806 1047 3886 sequitur3
1077 3807 1192 3885 Scitis,
1216 3810 1268 3871 in-

317 3905 404 3986 quit,
435 3924 512 3987 quae
541 3912 717 3986 praecepta
749 3904 901 3968 dederim
932 3907 1043 3972 vohis.
1094 3907 1186 3972 Haec
1216 3917 1270 3974 est

297 4191 299 4194 ,
351 4144 516 4266 ῚΠΕρΙιεεὶοε]
544 4149 639 4210 Ephes.
666 4151 701 4199 iv.
729 4154 778 4211 173
841 4147 859 4176 ²¹
879 4151 1227 4216 Thessalonicenses.]lThes.
1240 4155 1267 4204 ii.

315 4233 340 4267 v.
387 4254 392 4267 .
806 4221 883 4282 53iv.
896 4225 957 4284 2‚3.
