2940 4884
306 399 350 464 78
617 409 788 457 nrlsrom
812 405 942 454 omnm

308 576 557 651 cornutamque
570 568 694 634 faciem
707 574 851 651 aspectu
867 564 1053 631 incredulis
1075 564 1263 631 inhabilem

309 679 346 737 et
359 669 565 736 horrendam
580 669 712 752 tropico
735 687 852 745 sensu,
866 674 906 731 ut
921 667 1076 751 Moyses,
1091 667 1261 733 advexit?

311 771 400 851 Quis
423 790 541 836 eorum
557 790 619 852 pro
640 770 792 853 peccatis
813 768 933 852 populi
955 787 1106 833 exorans
1128 769 1197 832 imo
1219 767 1263 832 de

310 879 451 957 pectore
465 872 640 948 clamavit,
655 878 695 935 ut
715 869 803 954 ipse,
820 869 981 958 Domine,
995 870 1168 952 inquiens,
1183 889 1263 952 pec·

312 974 407 1039 cavit
430 972 579 1056 populus
604 972 671 1036 iste
690 978 871 1055 peccatum
885 971 1028 1053 grande,
1044 971 1137 1053 qnod
1160 970 1191 1034 si
1212 969 1264 1033 di·
1294 982 1309 1026 ὅ

313 1075 423 1139 mittis
438 1075 499 1151 eis,
515 1072 670 1153 dimitte;
693 1072 848 1155 alioquin
862 1071 938 1135 dele
952 1091 1007 1135 me
1022 1071 1065 1135 de
1078 1071 1166 1135 libro
1181 1072 1264 1135 tuci

365 1175 383 1258 ᾗ
405 1175 460 1239 70.
485 1172 574 1252 Quis
596 1173 670 1237 zelo
695 1172 764 1237 Dei
785 1191 950 1237 accensus
973 1172 1123 1236 mirabili
1146 1171 1190 1236 ad
1212 1171 1266 1234 ul·

314 1276 444 1347 tionem
456 1273 694 1341 fornicationis
708 1274 783 1337 sine
797 1273 963 1337 dilatione
981 1273 1137 1337 sanando
1153 1272 1266 1355 poeni-

315 1377 434 1441 tentiae
447 1375 672 1440 medicamine
695 1374 807 1457 stupri
821 1373 992 1451 affectum,
1007 1374 1117 1438 neira
1137 1373 1267 1456 populo

315 1476 559 1554 inardesceret,
583 1475 674 1540 sicut
689 1474 839 1539 Phinces
860 1474 1033 1551 sacerdos,
1055 1463 1095 1539 ut
1119 1494 1182 1556 per
1202 1473 1267 1537 hoc
1280 1491 1313 1537 rc

314 1577 353 1641 in
377 1597 453 1642 aevo
475 1582 695 1659 reputaretur
716 1575 768 1639 illi
785 1575 936 1660 justitia,
963 1582 1104 1640 strenue
1126 1593 1267 1639 consur-

317 1678 433 1741 rexiti
486 1675 575 1755 Quis
594 1697 676 1741 vero
700 1696 819 1740 eorum
843 1675 899 1742 vel
921 1677 958 1740 in
980 1677 1268 1758 exstirpationem

317 1783 427 1859 usque
449 1776 493 1840 ad
515 1777 783 1841 internecionem
805 1777 848 1841 de
869 1784 963 1841 terra
977 1776 1269 1859 Repromissionis

319 1885 452 1961 septem
467 1877 622 1960 gentium
636 1877 760 1942 morali
785 1878 1027 1959 intelligentia,
1040 1878 1098 1943 vel
1119 1877 1164 1941 ad
1188 1896 1270 1941 con·

319 1978 567 2044 stabilitionem
601 1979 791 2061 spiritualis
821 1978 933 2043 Israel
960 1998 1023 2061 pro
1056 1979 1117 2056 eis,
1148 1977 1172 2041 J
1174 1998 1270 2042 esum
1284 1994 1316 2039 rs

321 2079 424 2144 Nave
453 2079 608 2143 imitatus
640 2082 716 2144 esti
778 2078 867 2158 Quis
898 2100 1017 2144 corum
1047 2079 1176 2163 populo
1204 2078 1272 2143 Dei
1368 2102 1374 2109 ·

321 2180 442 2245 finales
460 2180 625 2245 terminos
647 2187 745 2244 trans
760 2179 784 2243 J
787 2181 962 2258 ordanem,
976 2187 1016 2244 ut
1030 2181 1177 2245 sciretur
1190 2180 1272 2263 quid

322 2281 446 2364 cuique
467 2280 572 2345 tribui
595 2270 791 2359 conveniat,
807 2282 897 2346 sicut
920 2281 1109 2365 supradicti
1124 2280 1273 2345 Phinces

321 2382 455 2446 scilicet
490 2387 526 2445 et
553 2380 577 2444 J
579 2401 659 2446 esus
695 2382 867 2464 sagaciter
903 2383 1061 2460 divisere,
1098 2381 1273 2446 ostenditi

324 2480 425 2560 Quia,
445 2488 485 2545 ut
506 2480 782 2547 adversariorum
801 2483 893 2565 plebi
909 2484 976 2548 Dei
992 2484 1174 2547 innumera
1194 2502 1274 2567 pro·
1287 2502 1320 2549 ac

324 2589 492 2648 sterneret
504 2584 659 2664 gentium
673 2584 793 2666 millia,
810 2585 947 2648 unicam
962 2585 1079 2662 filiam,
1095 2605 1172 2668 quae
1195 2604 1275 2667 pro-

324 2684 401 2767 pria
417 2684 578 2765 voluptas
592 2685 809 2767 intelligitur,
824 2686 964 2749 imitans
980 2686 1065 2750 etin
1080 2685 1144 2748 hoc
1163 2683 1276 2768 Apos-

325 2785 434 2849 tolum
450 2785 631 2862 dicentem,
647 2785 730 2849 Non
740 2806 898 2868 quaerens
911 2786 1004 2869 quod
1018 2786 1101 2849 mihi
1113 2786 1198 2849 utile
1212 2793 1277 2862 est,

326 2884 386 2948 sed
400 2884 492 2966 quod
506 2886 636 2962 multia,
651 2893 691 2949 ut
706 2888 795 2951 salvi
808 2888 1153 2964 fiant,—cbviantem
1168 2887 1278 2950 victo-

326 2985 420 3048 ribus
443 3004 520 3047 cum
542 2988 716 3069 tympanis
742 2994 777 3052 ct
793 2989 918 3066 choriS,
940 2989 975 3052 id
1002 2995 1066 3066 est,
1082 2987 1278 3052 carnalibus
1291 3008 1322 3052 2⁵

326 3085 515 3162 desideriis,
541 3086 577 3148 in
605 3088 811 3152 sacrificium
832 3091 959 3154 votivae
990 3089 1208 3172 placationis
1240 3096 1279 3152 ut

326 3185 350 3249 J
353 3186 467 3268 epthe,
483 3188 675 3251 mactavit?
729 3188 816 3267 Quis
840 3210 956 3255 corum
972 3191 1016 3255 ad
1030 3189 1279 3268 conturbanda,

326 3286 491 3368 fuganda,
507 3289 759 3371 sternendaque
779 3293 1003 3374 superbarum
1027 3293 1182 3374 gentium
1205 3311 1280 3356 cas-

327 3394 383 3451 tra
405 3389 560 3474 mysterii
583 3389 778 3468 Trinitatis
809 3399 849 3455 ut
877 3412 983 3476 supra
1012 3394 1174 3471 diximus
1204 3414 1281 3458 cum

327 3489 471 3570 lagenas
486 3490 570 3555 viris
585 3493 782 3555 tenentibus
805 3495 962 3576 egregias
985 3495 1021 3559 in
1046 3498 1205 3559 manibus
1223 3515 1281 3559 sc·
1297 3520 1328 3564 eo

328 3597 520 3672 nantesque
549 3593 662 3669 tubaS,
694 3593 729 3656 id
752 3601 806 3657 cst
828 3595 1047 3677 propheticos
1078 3605 1113 3661 et
1142 3604 1283 3680 aposto-

329 3754 1287 3784 Ἢ

366 3863 375 3892 ⁴
387 3869 523 3934 Iaqaiens]
544 3873 626 3923 Exod.
641 3877 723 3925 xxxii.
737 3881 759 3926 3.
857 3876 878 3910 ²⁰
889 3882 1080 3947 Prosterneret.]
1101 3886 1155 3936 Om.
1168 3887 1202 3936 B.

365 3932 375 3964 ⁷
389 3935 476 4007 Quia]
495 3941 525 3992 V.
545 3943 603 3992 here
621 3960 711 4006 passes
726 3965 758 3997 on
771 3954 796 3998 to
857 3948 877 3978 ²³
889 3953 945 4000 Non
957 3949 1087 4023 querens]
1106 3960 1119 4004 1
1134 3957 1194 4006 Cor.
1207 3975 1232 4007 x.
1245 3963 1286 4008 33.

331 4022 359 4068 p.
372 4013 413 4069 81,
424 4011 441 4060 l.
455 4014 494 4060 31.
858 4018 877 4048 '⁸
889 4023 1011 4084 Fugandc
1025 4061 1031 4075 .
1052 4061 1058 4074 .
1081 4062 1087 4075 .
1107 4029 1285 4092 superbarum]

332 4075 376 4195 3⁹
388 4080 570 4147 Mediccmiae]
600 4085 731 4146 Medicum
762 4094 797 4154 et,
823 4092 997 4155 Fugandaque
1009 4098 1185 4162 superbarum,
1196 4101 1231 4148 Β.

858 4159 878 4190 ²⁹
889 4162 1030 4235 Mysterii]
1050 4168 1258 4235 Mysterium‚sB.

360 4183 387 4245 '¹⁸
400 4220 514 4286 Cuique]
532 4224 591 4288 Cui,
604 4227 637 4277 B.
