2940 4884
340 414 384 478 32
649 424 822 474 maroam
848 424 978 472 arnna.

341 585 504 650 naculum
533 584 681 649 nominis
711 583 774 646 tui.
828 580 875 646 Et
899 582 1024 646 iterum
1047 580 1150 646 dicit:
1185 582 1296 661 Deus,

343 692 513 751 venerunt
527 690 648 766 gentes
665 684 702 746 in
715 681 952 746 haereditatem
963 688 1059 744 tuam
1072 702 1080 762 ;
1097 682 1297 764 polluerunt

344 786 511 868 templum
533 791 692 847 sanctum
716 790 825 859 tuum,
842 789 909 846 etc.
962 781 1021 868 Ita
1033 789 1073 846 ut
1086 789 1221 846 cunctae
1236 801 1296 847 co-.

342 887 469 949 lumnae
501 884 628 948 crebris
658 883 835 959 arietibuS,
864 901 1051 964 omnesque
1077 882 1191 947 coloni
1217 902 1297 946 cum

342 985 539 1068 praepositis
554 983 720 1060 ecelesiae,
736 1003 814 1046 cum
832 981 1067 1046 sacerdotibus
1091 1001 1132 1046 ao
1153 983 1296 1065 populo,
1326 1007 1342 1051 a

342 1086 562 1150 mucronibus
584 1084 736 1164 undique
758 1083 976 1159 micantibuS,
991 1101 1032 1147 ao
1054 1082 1199 1146 flammis
1221 1102 1296 1147 cre·

341 1186 545 1269 pitantibus,
567 1184 669 1246 simul
693 1183 768 1246 solo
790 1189 1037 1259 sternerentur,
1055 1190 1090 1246 et
1111 1183 1298 1248 miserabili

342 1287 431 1364 visu,
436 1287 473 1349 in
486 1284 597 1348 medio
609 1284 813 1366 platearum,
819 1284 888 1346 ima
900 1283 1046 1345 turrium
1059 1282 1151 1346 edito
1157 1283 1297 1348 cardine

342 1387 551 1462 evulsarum,
566 1403 809 1466 murorumque
822 1383 991 1447 celsorum
1008 1401 1107 1461 saxa,
1121 1403 1222 1448 sacra
1243 1383 1296 1447 al-

342 1487 444 1563 taria,
460 1485 666 1549 cadaverum
681 1484 804 1560 frusta,
819 1483 945 1551 crustis
959 1503 999 1547 ac
1013 1483 1296 1566 semigelantibus
1310 1500 1343 1551 io

342 1586 507 1668 purpurei
523 1584 653 1648 cruoris
675 1590 780 1662 tecta,
794 1585 892 1648 velut
907 1585 944 1647 in
958 1583 1107 1665 quodam
1125 1583 1295 1649 horrendo

343 1685 508 1750 torculari
531 1685 641 1748 mixta
660 1685 870 1762 viderentur,
894 1691 930 1748 ct
952 1683 1049 1748 nulla
1071 1690 1164 1750 esset
1185 1686 1296 1749 omni·

343 1786 465 1864 modis,
482 1792 608 1868 praeter
629 1783 808 1848 horribiles
831 1784 1009 1848 domorum
1034 1786 1165 1863 ruinas,
1189 1786 1296 1850 besti·

344 1905 441 1949 arum
464 1886 710 1966 volucrumque
732 1891 882 1962 ventreS,
905 1883 942 1947 in
965 1884 1078 1949 medio
1105 1885 1297 1968 sepultura,

345 1986 444 2051 salva
469 1993 667 2050 sanctarum
688 1986 880 2048 animarum
900 1986 1105 2063 reverentia,
1127 1987 1158 2050 si
1179 1993 1296 2050 tammr
1310 2004 1342 2053 rt

345 2087 464 2150 multae
479 2087 630 2150 inventae
646 2085 728 2163 sint,
743 2104 822 2166 quae
846 2084 963 2149 arduis
981 2085 1062 2150 coeli
1083 2085 1193 2169 perid
1209 2093 1295 2149 tem·

345 2187 439 2270 poris
470 2207 491 2250 a
520 2186 651 2250 sanctis
684 2185 817 2267 angelis
846 2184 1072 2250 vehebantur.
1125 2185 1183 2250 Ita
1205 2187 1297 2250 enim

346 2287 619 2369 degeneraverat
633 2293 717 2350 tunc
729 2286 832 2350 vinea
845 2285 906 2349 illa
929 2286 1010 2349 olim
1033 2286 1125 2350 bona
1141 2286 1178 2349 in
1200 2304 1295 2352 ama-

349 2387 534 2451 ritudinem
546 2405 660 2462 versa,
684 2387 736 2449 uti
752 2405 843 2463 raro,
864 2386 1051 2449 secundum
1072 2385 1295 2469 Prophetam,

347 2486 521 2551 videretur
543 2486 643 2568 quasi
665 2494 746 2567 post
767 2493 902 2567 tergum
924 2486 1210 2551 vindemiatorum
1235 2493 1343 2552 autre

347 2607 535 2650 messorum
551 2606 707 2650 racemus
722 2594 783 2649 aut
797 2586 903 2667 spica.

183 2697 322 2786 magas
410 2687 427 2769 ᾗ
455 2688 509 2751 25.
548 2687 673 2768 Itaque
709 2686 865 2749 nonnulli
902 2687 1102 2749 miserarum
1132 2688 1294 2769 reliquia-

181 2798 316 2887 {ssssjnhlbl
348 2808 422 2849 rum
447 2789 482 2850 in
507 2789 681 2851 montibus
707 2787 910 2868 deprehensi
940 2789 1126 2851 acervatim
1152 2788 1294 2872 jugula-

232 2876 237 2886 ’
347 2889 492 2966 bantur;
509 2888 567 2950 alii
583 2887 672 2949 fame
687 2886 831 2949 confecti
849 2887 1062 2964 accedentes
1076 2908 1199 2951 manus
1215 2889 1294 2951 hos-

347 2987 439 3049 tibus
464 2988 593 3050 dabant
619 2988 654 3049 in
681 3006 793 3049 aevum
820 2988 991 3064 servituri,
1022 2989 1051 3051 si
1080 2997 1195 3052 tamen
1225 3009 1295 3052 non
1308 3009 1341 3052 25

346 3087 509 3150 continuo
543 3087 807 3162 trucidarentur,
845 3087 936 3167 quod
967 3088 1143 3151 altissimae
1173 3090 1294 3170 gratiae

345 3188 461 3249 stabat
491 3188 526 3248 in
556 3188 651 3263 loco;
687 3187 746 3249 alii
770 3188 1018 3250 transmarinas
1048 3192 1212 3270 petebant
1241 3210 1294 3252 re-

346 3287 476 3367 gioneS,
498 3307 575 3348 cum
592 3287 726 3349 ululatu
742 3306 868 3367 magno
891 3307 953 3350 ceu
976 3289 1193 3353 celeusmatis
1207 3289 1294 3368 vice,

345 3386 410 3450 hoc
438 3387 539 3451 modo
570 3389 633 3449 sub
657 3388 810 3450 velorum
835 3388 966 3449 sinibus
990 3398 1188 3453 cantantes:
1223 3389 1294 3452 De-

345 3487 426 3549 disti
448 3508 510 3551 nos
532 3496 698 3569 tanquam
722 3507 803 3550 oves
826 3507 993 3565 escarum,
1017 3497 1052 3552 et
1075 3491 1110 3552 in
1136 3490 1296 3571 gentibus
1310 3504 1343 3548 ao

346 3587 537 3667 dispersisti
566 3607 641 3664 nos
669 3588 787 3650 Deus:
815 3587 874 3649 alii
899 3607 920 3650 a
944 3591 1117 3652 montanis
1140 3591 1296 3668 collibuS,

345 3687 534 3749 minacibus
558 3688 742 3769 praeruptis
766 3687 899 3764 vallati,
930 3696 964 3751 et
988 3690 1199 3753 densissimis
1228 3691 1297 3754 sal·

381 3916 392 3948 ³
406 3920 549 3982 Calamam]
568 3921 690 3981 Coloniae,
702 3921 735 3969 B.
753 3922 783 3970 V.
872 3919 890 3951 ¹⁹
902 3923 1071 3986 Prophetiam]
1089 3925 1125 3974 Is.
1138 3926 1207 3973 xxiv,
1221 3930 1261 3974 la

381 3987 571 4052 ⁹Eoulsorum.]
590 3991 698 4050 Avulso,
715 3992 744 4039 V.
869 3989 889 4020 Ὦ
901 3994 1008 4056 Itaque]
1017 3995 1298 4058 SeeBeda,H.E.§38.

380 4057 400 4088 ¹⁰
406 4056 683 4128 Semigelantibus.]A.;
696 4062 809 4122 sigillati·
869 4060 888 4092 ²⁹
900 4064 1021 4126 Dedisti]
1034 4066 1080 4114 Ps.
1092 4066 1156 4113 xliii.
1170 4069 1209 4115 13.

347 4131 426 4190 tibus,
438 4131 471 4178 B.
869 4130 887 4160 ³¹
901 4132 946 4195 A.]
963 4136 1018 4182 Om.
1036 4136 1065 4183 V.

381 4198 399 4227 ¹³
411 4200 573 4264 Horridum]
595 4202 649 4249 Om.
663 4202 696 4250 Β.
869 4200 889 4231 ³²
906 4204 1019 4268 Vallata]
1037 4205 1155 4269 Vallatis,
1168 4207 1200 4255 Β.
1215 4206 1245 4256 V.
