2940 4884
491 437 659 486 nmsrona
685 438 819 487 ernam·
1087 430 1132 491 95

178 588 351 679 operibus,
370 615 505 678 semper
517 605 738 680 peccatorum
761 599 956 663 reverentia
975 601 1132 665 exoritur

179 715 339 761 reverens
365 715 387 760 a
408 703 513 773 terra,
535 699 653 781 etqui
675 700 827 780 corrigat
848 699 939 763 iuter
961 700 1130 780 homines,

179 816 248 860 non
271 804 336 860 est.
389 795 519 861 Omnes
542 797 579 861 in
605 799 810 880 sanguinem
828 798 960 882 judicio
986 809 1129 865 conten-

178 896 277 974 dunt,
305 903 341 959 et
367 898 604 980 unusquisque
629 900 826 981 proximum
855 917 955 963 suum
984 902 1129 967 tribula-

58 1035 61 1040 ·
148 1010 164 1054 r
179 997 273 1061 tione
288 996 443 1075 tribulat,
458 997 496 1061 in
512 998 641 1061 malum
655 1018 778 1063 manus
794 1017 876 1062 suas
891 1009 1078 1082 praeparat.

229 1095 313 1179 §82
337 1096 431 1175 Quid
454 1097 647 1181 Sophonias
663 1100 767 1163 etiam
780 1099 950 1182 propheta
969 1102 1129 1184 egregius
1141 1123 1272 1173 reprensa,

178 1196 221 1260 de
247 1196 372 1261 vestris
400 1198 483 1262 olim
510 1200 761 1264 comessoribus
793 1199 1040 1282 disceptaverit
1074 1210 1130 1266 at-

177 1296 321 1374 tendite,
346 1298 389 1361 de
408 1298 602 1362 Jerusalem
630 1319 780 1383 namque
805 1298 1023 1383 loquebatur,
1050 1322 1128 1385 quae

177 1397 403 1479 spiritualiter
424 1398 582 1464 Ecclesia
602 1401 659 1463 vel
680 1398 810 1464 Anima
830 1399 1047 1482 intelligitur,
1072 1402 1127 1468 0!

133 1497 348 1579 1oinquiens,
364 1517 442 1580 quae
467 1506 543 1563 erat
564 1500 745 1583 splendida
766 1506 802 1564 et
824 1499 971 1566 liberata
993 1502 1128 1580 civitas,

177 1597 354 1662 confidens
390 1598 561 1677 columba,
591 1619 661 1665 non
697 1599 877 1665 obaudivit
900 1621 1032 1679 vocem,
1064 1622 1128 1666 nec

176 1698 331 1781 percepit
347 1698 577 1782 disciplinam,
590 1700 628 1763 in
642 1701 794 1766 Domino
817 1721 887 1765 non
910 1702 1041 1766 confisa
1063 1710 1128 1779 est,

177 1798 280 1862 etad
301 1798 416 1863 Deum
445 1818 546 1863 suum
569 1820 639 1864 non
666 1801 824 1865 accessit.
877 1801 925 1867 Et
948 1802 984 1865 id
1009 1821 1128 1883 quare,

176 1899 339 1964 ostendit.
392 1898 572 1983 Principes
586 1901 662 1986 ejus
678 1902 768 1966 sicut
789 1900 844 1964 leo
867 1901 1056 1984 rugientes,
1068 1903 1127 1985 ju-

132 2008 164 2054 15
177 1998 269 2062 dices
281 2000 374 2063 sicut
386 1999 460 2082 lupi
469 1998 610 2065 Arabiae
626 2022 696 2066 non
710 2001 952 2082 relinquebant
962 2002 999 2064 in
1013 2021 1128 2079 mane,

175 2100 355 2182 prophetae
383 2099 459 2184 ejus
488 2101 647 2184 spiritum
676 2107 857 2184 portantes
882 2100 949 2166 viri
972 2108 1126 2166 contem-

175 2200 274 2277 toris,
302 2201 499 2265 sacerdotes
528 2201 603 2284 ejus
631 2201 898 2284 prophanabaut
925 2209 1059 2278 sancta,
1091 2209 1127 2267 et

175 2299 279 2382 impie
293 2301 445 2382 agebant
456 2301 493 2365 in
506 2301 603 2383 lege3
628 2302 799 2366 Dominus
824 2307 940 2365 autem
949 2301 1067 2384 justus
1089 2302 1126 2365 in

176 2401 287 2465 medio
306 2401 394 2486 ejus,
417 2407 452 2465 et
477 2413 547 2465 non
570 2401 675 2467 faciet
695 2401 865 2487 injustum
889 2420 1002 2479 mane,
1024 2421 1126 2467 mane

131 2511 163 2557 2⁰
176 2500 272 2565 dabit
281 2501 449 2585 judicium
464 2520 575 2566 suum.

227 2599 323 2684 §88
357 2601 424 2664 Sed
454 2608 490 2666 et
516 2602 655 2666 beatum
687 2601 893 2667 Zachariam
917 2602 1124 2685 prophetam
1138 2624 1261 2675 zelarer,

176 2708 372 2776 monentem
394 2721 457 2766 vos
479 2701 516 2764 iu
529 2703 635 2767 verbo
650 2701 718 2766 Dei
739 2703 866 2768 audite.
919 2701 1010 2766 Haec
1033 2703 1125 2766 enim

176 2800 260 2865 dicit
272 2801 443 2866 Dominus
465 2802 707 2885 omnipotens3
726 2802 896 2887 judicium
913 2802 1048 2887 justum
1066 2803 1125 2888 ju-

176 2901 300 2979 dicate,
326 2908 362 2966 et
385 2902 652 2967 misericordiam
681 2910 717 2966 et
745 2904 999 2968 miserationem
1021 2903 1126 2968 facite

130 3016 163 3064 aa
176 3003 414 3084 unusquisque
442 3003 486 3066 ad
513 3002 655 3067 fratrem
685 3022 807 3084 suum3
842 3012 878 3070 et
905 3004 1057 3081 viduam,
1090 3013 1126 3068 et

176 3102 380 3185 orphanum,
402 3109 437 3166 et
460 3102 642 3180 advenam,
658 3110 694 3167 et
712 3124 910 3187 pauperem,
925 3124 988 3186 per
1002 3111 1125 3186 poten-

176 3203 260 3266 tiam
283 3202 390 3267 nolite
407 3222 542 3280 nocere,
558 3211 594 3266 et
615 3203 783 3268 malitiam
804 3205 1041 3286 unusquisque
1055 3203 1125 3267 fra·

177 3302 239 3366 tris
264 3302 319 3366 sui
343 3322 414 3366 non
433 3303 673 3367 reminiscatur
694 3304 731 3366 in
752 3305 854 3368 corde
876 3323 961 3382 sno;
986 3311 1021 3368 et
1041 3323 1125 3367 con-

174 3409 329 3468 tumaces
344 3402 484 3467 fuerunt
502 3423 545 3467 ne
567 3404 803 3480 observarent,
816 3411 852 3466 et
864 3403 1033 3466 dederunt
1046 3403 1124 3467 dor·

131 3517 162 3563 so
175 3522 251 3567 snm
266 3502 436 3581 stultitiae,
452 3512 488 3567 et
501 3522 601 3567 aures
616 3522 697 3567 suas
710 3503 989 3584 degravaverunt
1001 3508 1041 3566 ut
1054 3523 1125 3567 non
1182 3512 1191 3530 ‘

175 3604 345 3680 audirent,
368 3610 403 3668 et
426 3623 486 3668 cor
509 3623 610 3667 suum
632 3610 830 3668 statuerunt
851 3603 1057 3667 insuadibile
1081 3623 1125 3666 ne

175 3703 336 3767 audirent
352 3704 464 3786 legem
490 3723 602 3768 meam
629 3710 664 3768 et
688 3705 804 3781 verba,
830 3723 909 3786 quae
932 3701 1027 3767 misit
1050 3703 1124 3767 Do·

174 3803 288 3866 minus
308 3804 525 3888 omnipotens
542 3805 578 3868 in
594 3804 726 3886 Spiritu
741 3823 804 3868 suo
818 3805 855 3868 in
869 3804 1028 3867 manibus
1043 3824 1124 3887 pro-

209 4100 386 4166 ⁰Sopboaias.]
404 4104 441 4153 iii.
455 4106 479 4165 1,
490 4107 536 4153 etc.
695 4100 717 4133 ³³
726 4103 756 4151 [a
768 4103 858 4166 spirita
871 4139 878 4154 .
892 4139 899 4156 .
914 4139 920 4154 .
934 4102 1048 4167 sanitas]
1069 4106 1124 4153 Om.

208 4171 226 4200 ²¹
240 4174 408 4237 Zachariam]
426 4174 470 4224 vii.
486 4178 511 4237 9,
529 4177 591 4235 θέας
608 4188 635 4222 x.
666 4174 696 4223 V.
952 4204 955 4209 ›

173 4249 206 4305 25
224 4245 259 4294 xi.
273 4248 297 4295 3.
