2940 4884
523 436 760 516 v1rnsuuor1
785 437 915 485 emon.
1052 426 1196 504 ,xxxvii

242 601 322 679 post
336 595 503 670 immensa
526 594 679 678 pericula
695 603 737 660 et.
753 596 929 661 assiduum
944 598 1096 662 laborem
1109 619 1119 679 ;
1142 602 1196 662 re‘-

243 703 357 760 meato
379 703 416 760 et
431 697 584 780 cupienti
606 696 743 775 habere,
762 705 801 762 ut
815 697 876 761 des
891 699 1053 764 concedo.
1106 699 1196 764 Des-

244 797 393 881 tinatum
408 805 462 862 est
483 798 574 861 enim
588 797 650 876 illi,
672 805 712 862 ut
733 797 872 876 habeat,
893 819 939 862 ex
955 798 1020 863 hoc
1034 801 1198 882 praesenti

244 897 434 962 miraculo?
487 897 610 962 Gildas
625 898 744 981 itaque
766 898 981 964 benedictam
994 918 1199 983 campanam

218 998 376 1081 orecepit
397 1005 433 1062 et
454 989 615 1063 reversus
637 1005 703 1077 est,
726 1006 762 1063 et
775 1006 988 1082 reportatam
1004 999 1040 1064 S.
1060 999 1200 1064 Cadoco

246 1099 356 1180 gratis
371 1099 549 1182 impendit.
608 1098 765 1181 Recepta
780 1118 802 1162 a
814 1099 972 1163 manibus
989 1101 1124 1164 abbatis
1145 1101 1199 1163 iu-

246 1199 361 1263 tonuit
372 1199 465 1264 illico
481 1199 633 1281 pulsata,
648 1198 898 1263 admirantibus
915 1200 1059 1264 cunctis.
1099 1200 1201 1264 Unde

248 1299 415 1362 remansit
444 1299 602 1363 omnibus
625 1299 845 1382 portantibus
869 1319 931 1382 per
954 1302 1065 1364 totam
1090 1298 1200 1364 Gual-

246 1399 330 1463 liam
347 1418 409 1480 pro
432 1398 578 1480 refugio,
601 1405 638 1462 et
660 1399 855 1482 quicunque
882 1419 944 1483 per
965 1399 1061 1463 illam
1082 1399 1202 1464 illicite

204 1516 237 1565 ιο
245 1498 392 1582 juraret,
414 1505 477 1562 aut
498 1499 694 1580 privaretur
712 1499 841 1582 linguae
864 1498 987 1579 officio,
1010 1506 1072 1565 aut
1092 1501 1202 1564 male·

249 1598 361 1664 factor
373 1599 540 1663 fateretur
552 1617 651 1663 suam
666 1599 829 1683 injuriam
843 1601 1018 1666 continuo.

301 1697 374 1782 §8.
399 1698 558 1763 Cadocus
577 1701 688 1765 abbas
712 1699 1018 1765 Nancarbonensis
1047 1693 1201 1766 ecclesiae
1214 1721 1248 1761 ue
1257 1720 1367 1760 reciderat

249 1799 388 1880 rogavit
403 1798 543 1863 Gildam
556 1800 731 1865 doctorem
745 1807 786 1864 ut
794 1808 929 1883 regeret
939 1801 1091 1866 studium
1102 1803 1202 1867 scho*
1214 1772 1357 1816 mmmm

250 1898 362 1962 larum
383 1921 446 1983 per
467 1902 550 1965 anni
573 1901 736 1984 spatium,
759 1908 795 1965 et
816 1907 960 1984 rogatus
981 1903 1074 1966 rexit
1095 1903 1202 1967 utilli-

206 2016 238 2064 15
251 2019 356 2079 mum,
372 2001 469 2065 nulla
483 2001 639 2066 mercede
660 2009 799 2084 recepta
814 2020 836 2065 a
849 2001 1063 2067 scholaribus
1076 2011 1204 2084 praeter

252 2101 427 2164 orationes
440 2101 522 2165 cleri
536 2108 572 2166 et
586 2102 804 2167 scholarium.
852 2101 922 2166 Ubi
936 2103 1083 2185 ipsemet
1095 2104 1203 2187 scrip·

252 2201 299 2264 sit
328 2220 416 2283 opus
447 2208 597 2284 quatuor
624 2201 940 2283 Evangelistarum‚
970 2203 1062 2284 quod
1092 2202 1205 2269 adhuc

253 2306 408 2366 remanet
435 2301 472 2364 in
498 2301 642 2366 ecclesia
668 2301 704 2366 S.
730 2300 870 2381 Cadoci,
894 2322 980 2368 auro
1002 2309 1038 2368 et
1059 2310 1204 2386 argento

254 2399 406 2485 undique
422 2409 633 2484 coopertum,
647 2401 691 2467 ad
714 2401 878 2468 honorem
893 2403 961 2467 Dei
978 2409 1014 2470 et
1027 2390 1205 2487 scriptoris

208 2523 242 2568 ro
253 2501 463 2565 sanctissimi
485 2508 520 2566 et
539 2502 821 2585 Evangeliorum.
873 2504 1205 2570 TenentWalenses

253 2600 540 2683 indigenae'illud
564 2603 727 2668 volumen
752 2603 1041 2686 pretiosissimum·
1060 2607 1097 2669 in
1123 2625 1205 2669 con-

251 2699 486 2785 jurationibus
509 2701 593 2782 suis,
618 2723 681 2767 nec
709 2704 839 2768 audent
861 2706 994 2787 aperire
1016 2705 1061 2769 ad
1088 2705 1206 2771 viden·

292 2904 303 2934 ⁹
321 2903 469 2968 Gualliem]
482 2905 516 2954 B.
527 2921 534 2965 ;
546 2903 669 2966 Galliam,
680 2904 729 2964 A„
781 2901 801 2935 ¹⁹
820 2905 984 2968 Coopertam]
992 2906 1036 2969 B„
1044 2906 1208 2968 Usbmcom·

295 2971 481 3040 witnowa]
494 2976 541 3036 B.;
550 2974 721 3037 quicquid,A.
745 2979 854 3037 perium,
864 2974 898 3024 A.

296 3042 316 3075 '⁰
330 3045 456 3110 Jurarer]
487 3046 652 3108 ‘Campanas
679 3046 724 3095 ba·
781 3041 801 3074 ²¹
826 3046 1060 3110 objurationibus]
1094 3047 1126 3095 In
1155 3047 1209 3096 like

253 3116 327 3179 julas
347 3115 377 3178 [i.
397 3132 419 3166 e.
437 3117 551 3179 portable
573 3115 661 3178 bells],
680 3116 724 3165 ba·
746 3130 849 3164 manner
860 3130 876 3164 a
887 3117 972 3165 Saxon
985 3118 1141 3178 manuscript
1151 3126 1210 3179 pre-

260 3187 332 3236 culos
351 3201 452 3249 quoque
466 3187 493 3235 in
507 3187 632 3249 superiori
652 3191 724 3247 parte
747 3185 837 3234 served
853 3186 879 3233 in
896 3185 938 3235 the
955 3187 1062 3248 Library
1073 3187 1102 3235 oi
1110 3187 1210 3250 Corpus

261 3261 409 3319 cameratas,
431 3271 494 3306 euro
513 3261 539 3305 et
561 3260 665 3318 argento
684 3257 724 3305 vel
749 3256 842 3305 Christi
855 3255 967 3318 College,
980 3256 1141 3321 Cambridge,
1149 3259 1210 3308 call-

262 3331 451 3388 aerecoutectos,
457 3327 572 3388 aliasque
578 3327 724 3389 hujusmodi
748 3325 780 3375 ed
797 3325 865 3374 ‘The
882 3326 939 3375 Red
953 3326 1025 3374 Book
1038 3327 1067 3374 of
1076 3328 1165 3388 Darby
1183 3329 1210 3376 in

263 3400 406 3444 sanctorum
428 3396 558 3458 reliquias,
585 3397 611 3444 in
634 3410 726 3457 magna
748 3395 790 3443 the
814 3395 903 3444 Peuke
925 3394 955 3444 oi
972 3396 1141 3460 Derbyshire,
1160 3428 1209 3449 ...

263 3466 403 3514 reverentia
416 3470 468 3514 tem
485 3466 616 3514 Hiberniae
630 3470 657 3513 et
667 3466 726 3514 Sco·
748 3479 804 3513 was
819 3464 871 3513 had
889 3465 1018 3514 sometime
1040 3467 1067 3514 in
1090 3467 1153 3515 such
1173 3483 1211 3516 re-

254 3536 317 3597 tiae,
339 3549 416 3597 quem
438 3539 463 3584 et
485 3536 595 3599 Welliae,
616 3536 727 3597 populus
749 3549 854 3583 verende
877 3535 903 3583 in
925 3535 1093 3598 Darbyshire,
1114 3537 1169 3585 that
1192 3538 1212 3586 it

264 3610 290 3654 et
307 3605 391 3655 clerus
407 3606 500 3655 hebere
515 3606 606 3667 solent,
619 3605 684 3654 adeo
698 3611 727 3655 ut
749 3619 805 3653 was
812 3605 952 3667 commonly
959 3605 1074 3655 believed
1082 3607 1212 3656 thatwho·

264 3681 421 3726 sacramenta
432 3690 509 3739 super
520 3677 575 3726 haee
589 3676 664 3737 longe
675 3691 727 3724 ma·
750 3689 837 3724 soever
843 3675 934 3725 should
943 3690 1026 3726 swern·
1032 3678 1137 3739 untruly
1143 3693 1211 3739 upon

265 3747 314 3809 gis,
336 3762 413 3808 quam
436 3760 513 3809 super
535 3746 685 3810 Evangeha,
702 3752 728 3796 et
749 3745 800 3795 this
811 3747 878 3795 book
890 3745 981 3796 should
993 3762 1041 3795 run
1052 3747 1129 3798 mad!
1157 3748 1212 3797 An-

265 3822 387 3879 praestare
405 3821 539 3867 vereantur
557 3821 583 3866 et
595 3817 727 3879 pejerare?
750 3816 821 3865 other
842 3818 955 3867 instance
977 3817 1007 3866 of
1025 3817 1067 3867 the
1091 3832 1212 3881 superna-

265 3887 366 3938 Girald.
387 3888 488 3938 Cambr.
511 3887 628 3937 itinerar.
654 3887 728 3936 Cam·
750 3888 817 3936 turul
836 3903 923 3949 power
939 3887 1003 3936 with
1018 3887 1102 3937 which
1116 3890 1212 3938 certain

265 3957 392 4019 briae,lib.
405 3971 424 4008 1.
436 3973 492 4021 cap.
504 3958 532 4007 ii.
750 3957 831 4006 books
849 3973 917 4007 were
934 3959 1063 4020 supposed
1081 3964 1108 4008 to
1124 3960 1156 4008 be
1175 3960 1213 4009 in·

301 4025 321 4059 ¹²
339 4030 469 4093 Caducae]
482 4029 552 4076 Here
560 4027 729 4076 areresumed
750 4028 847 4091 vested,
863 4029 885 4077 is
901 4028 1022 4078 recorded
1038 4031 1072 4091 by
1090 4028 1213 4080 Giraldus

265 4098 308 4147 the
336 4102 447 4148 extracts
475 4098 550 4162 given
577 4100 612 4158 by
634 4097 729 4160 Usher,
752 4098 1159 4163 Cambrensis‚1tiner.Cambriae‚
1167 4101 1213 4152 lib.

264 4179 292 4230 p.
304 4173 362 4231 468,
372 4169 457 4219 which
468 4169 577 4233 proceed
588 4172 614 4218 to
625 4166 667 4218 the
679 4169 728 4217 end
752 4182 770 4218 1.
783 4184 840 4232 cap.
852 4170 879 4220 ii.

267 4239 296 4287 os
303 4240 368 4302 §12
