2940 4884
564 417 739 466 nmsronn
762 420 892 469 eruum.
1157 406 1201 469 79

246 577 333 642 licos
355 576 490 656 sensus
506 583 547 641 ut
565 578 655 642 dixit
672 577 843 643 Dominus
862 579 1053 662 prophetae,
1071 579 1202 645 Exalta

247 677 348 761 quasi
369 679 455 750 tuba
478 698 597 743 vocem
622 685 731 758 tuam,
755 686 791 744 et
813 679 1003 744 Psalmista
1027 680 1070 744 de
1083 678 1200 764 Apos-

247 779 339 856 tolis,
369 778 413 842 In
434 799 571 843 omnem
593 786 721 844 terram
747 781 857 845 exivit
878 800 984 845 sonus
1012 791 1143 859 eorum,
1167 789 1201 846 et

247 879 391 961 lagenas
406 880 788 964 splendidissimoignis
806 882 933 946 lumine
955 889 1061 948 noctu
1083 902 1201 954 corus-

218 987 380 1058 5canteS,
394 1001 473 1064 quae
486 982 703 1064 accipiuntur
724 983 762 1046 in
785 990 984 1047 sanctorum
1000 984 1202 1066 corporibus

248 1082 347 1144 bonis
371 1082 532 1164 operibus
558 1083 717 1160 annexis,
746 1089 782 1148 et
809 1084 930 1148 Sancti
954 1084 1104 1167 Spiritus
1128 1086 1202 1166 igni

248 1181 460 1261 ardentibus,
486 1190 526 1247 ut
545 1180 750 1266 Apostolus,
773 1183 951 1262 habentes,
975 1185 1100 1267 inquit,
1124 1185 1200 1250 the-

248 1300 388 1348 saurum
403 1285 508 1348 istum
525 1285 563 1347 in
576 1285 670 1350 vasis
685 1285 972 1370 fictilibus—post
993 1285 1200 1351 idololatriae

247 1382 453 1468 luci-quod
467 1385 644 1451 moraliter
658 1386 935 1469 interpretatum,
950 1392 1004 1450 est
1025 1386 1142 1451 densae
1165 1394 1201 1451 et

203 1504 235 1549 ro
248 1483 355 1550 fuscae
378 1484 590 1569 cupiditatis,
606 1487 832 1561 succisionem
852 1488 961 1565 silvae,
978 1494 1014 1551 et
1026 1487 1201 1552 evidentia

248 1585 351 1669 signe
361 1586 385 1650 J
387 1587 502 1652 udaiei
515 1587 652 1652 velleris
666 1589 785 1651 imbris
805 1589 957 1653 coelestis
977 1589 1141 1671 expertiS,
1165 1595 1200 1652 et

248 1688 399 1768 gentilis,
422 1708 499 1752 rore
521 1688 641 1752 Sancti
658 1689 807 1772 Spiritus
829 1689 1026 1768 madefacti,
1040 1688 1107 1753 fide
1129 1709 1199 1752 non

248 1786 364 1866 dubia,
379 1796 420 1853 ut
435 1787 591 1866 Gedeon,
604 1791 798 1872 processitl

286 1888 369 1972 §ri
380 1888 468 1968 Quis
480 1909 597 1954 eorum
613 1889 701 1953 mori
712 1896 884 1974 exoptans
894 1890 1023 1954 mundo
1034 1897 1070 1954 et
1080 1888 1198 1954 vivere

205 2005 235 2050 u
250 1987 400 2068 Christo,
426 1991 624 2055 luxuriosos
648 1991 803 2073 gentium
830 1992 995 2056 convivas
1017 1990 1200 2054 laudantes
1281 2065 1283 2068 y

250 2089 345 2154 Deos
362 2091 542 2169 suos-id
558 2098 623 2168 est,
638 2110 761 2155 sensus
772 2090 979 2155 extollentes
994 2091 1146 2167 divitias
1161 2096 1201 2154 ut

248 2188 452 2274 Apostolus,
482 2199 518 2255 et
545 2190 693 2256 avaritia
719 2193 844 2274 inquit,
873 2211 951 2274 quae
979 2198 1033 2256 est
1060 2190 1201 2256 simula-

249 2291 408 2356 chrorum
430 2294 813 2369 servitus—concussis
830 2293 964 2356 duabus
978 2291 1107 2356 virtute
1121 2292 1201 2355 bra-

249 2391 404 2457 chiorum
415 2393 719 2475 columnis-quae
733 2393 975 2474 intelliguntur
988 2394 1025 2456 in
1039 2393 1201 2475 volupta-

204 2505 237 2550 20
250 2493 342 2558 tibus
376 2491 532 2577 nequam
556 2494 681 2557 animae
707 2495 901 2577 carnisque,
927 2492 1051 2576 quibus
1079 2494 1201 2558 domus

250 2594 412 2659 humanae
434 2595 546 2659 omnis
571 2593 734 2676 nequitiae
759 2595 1012 2678 quodammodo
1037 2595 1202 2676 pangitur

251 2713 292 2758 ac
316 2696 704 2774 fulcimentatur,—tam
729 2694 1009 2772 innumerabiles,
1022 2701 1062 2758 ut
1078 2695 1201 2777 Samp-

251 2815 326 2875 son,
359 2798 578 2880 prostrauit
631 2795 719 2875 Quis
756 2797 982 2872 orationibus,
1020 2794 1202 2859 holocaus-

197 2900 203 2906 '
252 2904 356 2980 toque
369 2898 532 2963 lactantis
550 2897 634 2980 agni
649 2897 911 2961 Philistinorum
933 2902 1062 2960 metum
1085 2896 1202 2978 depel-

205 3010 238 3058 25
251 2997 338 3076 lenS,
371 2999 566 3082 insperatas
595 2999 826 3063 tonitruorum
855 3017 959 3064 voces
993 2996 1203 3079 nubiumque

250 3100 376 3164 imbres
400 3101 590 3178 concitans,
607 3101 737 3183 absque
759 3100 958 3165 adulatione
981 3119 1097 3181 regem
1119 3117 1202 3161 con-

252 3201 412 3279 stituens
438 3203 584 3266 eundem
607 3202 684 3265 Deo
709 3221 780 3264 non
803 3202 996 3285 placentem
1023 3199 1201 3282 abjiciens

252 3309 359 3367 uncto
387 3322 451 3383 pro
475 3303 535 3366 illo
565 3302 705 3366 meliore
732 3303 769 3364 in
798 3321 955 3383 regnum,
983 3306 1023 3363 ut
1052 3299 1203 3376 Samuel,

252 3402 487 3467 valedicturus
514 3401 656 3484 populo,
684 3402 824 3479 astabit,
850 3402 915 3464 hoc
943 3399 1045 3463 modo
1073 3399 1203 3477 dicens,

123 3516 125 3520 ’
208 3519 241 3565 eo
254 3503 345 3569 Ecce
366 3509 496 3585 praesto
519 3521 606 3578 sum,
636 3502 816 3584 loquimini
845 3520 961 3565 coram
994 3499 1146 3563 Domino
1169 3505 1205 3563 et

255 3602 394 3668 Christo
420 3603 508 3687 ejus,
536 3609 653 3667 utrum
679 3604 803 3667 bovem
825 3602 1031 3686 cujusquam
1055 3599 1205 3676 tulerim,

253 3723 300 3768 an
330 3705 477 3783 asinum,
506 3705 538 3768 si
567 3703 762 3786 quempiam
796 3702 1025 3768 calumniatus
1060 3720 1148 3779 sum,
1176 3700 1206 3765 si
1312 3760 1320 3777 ,

254 3805 410 3888 oppressi
432 3806 593 3889 aliquem,
608 3803 638 3868 si
660 3804 703 3868 de
724 3824 830 3868 manu
854 3804 1059 3890 cujusquam
1080 3820 1205 3865 munus

293 4069 300 4100 ¹
313 4069 469 4143 Propheta]
487 4075 549 4125 Esa.
560 4074 624 4124 lviii.
637 4077 661 4124 l.
781 4069 851 4121 ⁹Est
861 4072 961 4135 densa]
980 4071 1130 4133 Condensae,
1147 4070 1177 4120 V.

291 4140 473 4208 waimara]
491 4146 563 4195 Psal.
575 4145 647 4195 xviii.
660 4148 685 4196 4.
781 4137 1050 4210 ”Regem.]0m.13.

291 4210 420 4280 Nequit]
436 4220 451 4266 2
464 4216 576 4268 Corinth.
588 4216 642 4266 viii.
655 4220 679 4266 7.
780 4209 801 4245 ²⁹
813 4213 927 4276 Diceae]
940 4217 954 4261 l
967 4212 1036 4262 Sam.
1048 4211 1093 4262 xii.
1107 4214 1130 4262 3.
