2940 4884
348 390 394 465 54
665 410 839 470 semrom
859 412 991 464 ernon.

340 573 479 670 >⁴tionem
501 572 669 639 exercetis
691 570 732 638 in‘
749 573 871 657 inopes
892 589 997 656 super
1017 579 1158 651 terram,
1175 573 1236 657 qui
1249 573 1302 639 di-

349 674 439 752 citis,
461 674 600 759 quando
622 672 783 749 transibit
802 673 934 742 mensis
953 678 996 737 ut
1015 673 1250 756 acquiramus,
1266 681 1303 740 et

348 774 496 839 sabbata
508 782 549 840 ut
562 774 757 858 aperiamus
778 773 971 838 thesauros.
1022 771 1070 837 Et
1082 781 1164 856 post
1176 791 1303 858 paam,

232 897 237 901 ·
348 872 454 940 Jurat
467 875 639 940 Dominus
661 880 784 945 οοιιιιιι
804 873 1002 973 superbiam
1016 869 1141 952 Jacob,
1161 873 1301 950 si'obli-

265 968 270 972 ’
347 973 500 1040 viscatur
534 977 571 1039 in
608 973 841 1039 contemtione
883 992 991 1056 opera
1026 973 1172 1050 vestra,
1192 980 1229 1053 at
1263 975 1344 1038 ins
1398 1019 1400 1022 f

347 1073 409 1142 his
432 1093 508 1140 non
533 1073 796 1147 conturbabitur
823 1078 928 1151 terra,
948 1080 993 1139 et
1019 1070 1155 1155 lugebit
1186 1074 1300 1155 omnm

303 1257 304 1262 Ἰ
347 1174 408 1256 qui
437 1171 743 1240 commorabitur
733 1192 770 1238 m
791 1171 847 1251 ea,
868 1179 905 1237 et
928 1170 1093 1238 ascendet
1113 1174 1206 1238 sicut
1232 1172 1299 1240 ilu÷
1380 1205 1382 1208 >

346 1289 427 1341 men
467 1271 731 1352 consummatio,
773 1280 809 1338 et
844 1280 1066 1338 convertam
1081 1272 1177 1337 dies
1190 1272 1299 1355 festos

339 1373 514 1440 ‘uestros
504 1395 541 1440 m
553 1374 697 1452 luctum,
720 1373 779 1438 et
769 1371 923 1458 injiciam
945 1373 1130 1439 inomnem
1144 1373 1307 1439 lumbum
1348 1457 1351 1461 ,

346 1470 507 1553 cilicium,
529 1481 565 1540 et
585 1474 624 1540 in
646 1493 747 1539 omne
760 1479 867 1557 caput
880 1472 1169 1552 decalvationem,
1185 1480 1222 1539 at
1234 1490 1300 1558 po:-
1312 1485 1344 1533 ιο

346 1593 427 1639 nam
454 1572 546 1641 eum·
560 1569 651 1640 sicut
674 1573 806 1639 luctum
829 1573 959 1652 dilecti,
985 1579 1022 1638 et
1044 1592 1116 1651 eos,
1138 1574 1301 1657 quicum

346 1691 391 1737 eo¹
409 1667 503 1756 su'nt,
523 1670 615 1739 sicut
636 1673 922 1751 ᾶίοιιιιιιοοιοιίε.
974 1673 1022 1738 Et
1045 1673 1183 1752 iterum,
1212 1672 1299 1739 Gn„

344 1773 403 1838 dio
424 1775 613 1839 morientur
634 1791 753 1847 omnes
774 1778 975 1856 peccatores
996 1773 1117 1856 populi
1136 1773 1227 1852 mei,
1233 1794 1301 1859 qun

268 1880 270 1882 ’
343 1868 476 1953 dicunt,
499 1873 583 1939 Non
595 1874 935 1993 appropinquabunt
943 1892 1057 2013 neque
1077 1862 1220 1954 venient
1240 1894 1299 1953 ιιι-

184 1968 634 2138 mnernosmala
842 2004 846 2008 ·
1080 1997 1084 2010 2
1170 1997 1172 2002 ·
1238 1998 1262 2009 2-·
1312 1983 1343 2049 ιι

345 2073 482 2173 554.
505 2075 632 2145 Sedet
651 2081 793 2149 sanctus
816 2073 973 2139 Micheas
995 2081 1094 2154 vates
1116 2012 1299 2156 attendite,
1392 2068 1399 2130 ἶ

184 2092 426 2256 mquid
442 2175 489 2240 sit
501 2170 638 2253 affatus,
654 2170 799 2253 Audis
788 2175 960 2268 inquiens,
957 2175 1120 2245 tribus.
1152 2174 1297 2260 thuid

342 2269 528 2345 exornabit
548 2272 751 2341 civitateml
774 2263 931 2358 nunquid
945 2270 1061 2358 ignisi
1091 2293 1095 2299 ’
1115 2274 1298 2344 Etdomus

341 2373 540 2458 iniquorum
577 2372 812 2440 thesaurizans
851 2376 889 2450 in
925 2371 1123 2447 thesauros¹
1148 2375 1298 2458 iniquos,

341 2471 380 2539 et
418 2479 498 2539 cum
534 2472 663 2560 injuria
693 2474 912 2559 injustitiam.
978 2474 1016 2540 Si
1049 2474 1343 2559 justificabitur»

343 2573 380 2637 in
402 2582 534 2639 statera
554 2576 706 2658 iniquus,
730 2581 765 2639 et
779 2577 815 2639 in
831 2575 978 2639 saccello
992 2575 1145 2657 pondera
1164 2575 1297 2654 dolosa,

343 2694 390 2737 ex
422 2677 546 2758 quibus
579 2676 717 2741 divitias
755 2694 835 2740 suas
864 2677 901 2740 in
933 2676 1110 2758 impietate
1142 2677 1296 2758 repleve-

342 2782 436 2839 runt.
1264 2800 1266 2802 ·

260 2905 283 2934 es
395 2875 481 2958 555.
505 2875 573 2939 Sed
596 2883 632 2940 et
653 2875 846 2959 Sophonias
868 2875 1037 2958 propbeta
1060 2875 1186 2955 clarus,
1209 2899 1296 2961 quas

181 2955 240 3034 ηοω.
267 2956 279 2984 ⁹
309 2955 331 2985 ⁸'
342 2974 454 3038 minas
468 2983 670 3057 exaggerat,
686 2976 813 3040 audite.
866 2975 981 3058 Prope
996 2982 1061 3053 est,
1083 2977 1208 3059 inquit,
1222 2980 1340 3045 dieses

343 3070 484 3138 Domini
516 3095 675 3157 magnus
710 3096 817 3159 prope
845 3084 880 3140 et
914 3076 1017 3142 velox
1045 3077 1159 3142 valde.
1197 3076 1296 3145 .Vox

341 3174 410 3238 diei
424 3175 566 3239 Domini
585 3196 703 3239 amara
725 3174 915 3240 constituta
935 3183 988 3240 est
1010 3183 1045 3241 et
1062 3185 1198 3259 potens,
1221 3180 1295 3245 dies

341 3275 403 3360 irae
432 3274 505 3339 dies
534 3277 606 3353 illa,
636 3276 709 3339 dies
738 3277 970 3340 tribulationis
999 3284 1034 3340 et
1066 3279 1294 3356 necessitatis,

342 3375 415 3439 dies
438 3377 538 3440 nubis
552 3384 588 3440 et
602 3377 749 3454 nebulae,
772 3377 845 3440 dies
868 3378 960 3441 tubae
983 3384 1019 3441 et
1032 3377 1202 3456 clamoris,
1220 3380 1294 3444 dies

341 3477 488 3540 miseriae
519 3483 555 3541 et
582 3478 891 3555 exterminationis,
915 3478 988 3541 dies
1014 3479 1232 3542 tenebrarum
1259 3489 1294 3558 et
1307 3506 1338 3551 ao

341 3576 499 3657 caliginis
522 3597 625 3658 super
648 3577 805 3641 civitates
828 3578 943 3640 firmas
967 3585 1002 3641 et
1024 3597 1128 3660 super
1145 3580 1293 3660 angulos

340 3677 508 3740 excelsos.
562 3676 608 3740 Et
644 3678 883 3742 contribulabo
919 3678 1087 3755 homines,
1121 3686 1157 3743 et
1193 3680 1302 3746 ibunt*

335 3776 429 3839 sicut
442 3776 536 3852 caeci,
552 3777 634 3857 quia
646 3777 796 3841 Domino
811 3785 1053 3861 peccaverunt,
1070 3785 1105 3841 et
1120 3778 1292 3844 effundam

339 3870 546 3956 sanguinem
559 3877 650 3940 sicut
671 3878 859 3960 pulverem,
883 3885 919 3942 et
932 3898 1053 3942 sames
1070 3881 1294 3947 eorumsicut

374 4126 394 4158 ¹⁶
410 4129 541 4192 Micheas]
557 4131 591 4180 vi.
605 4135 644 4182 1⁰.
861 4131 882 4165 ³2
899 4136 935 4182 Et
954 4137 1118 4186 contribulabo
1139 4173 1187 4188 ...
1207 4138 1291 4187 Domi-

372 4195 392 4225 ²⁴
409 4199 564 4264 Sopianas]
575 4201 593 4251 i.
606 4205 646 4251 14.
827 4205 875 4269 nd]
897 4207 952 4256 Om.
969 4207 999 4256 V.
