2940 4884
546 435 735 482 pessumo
759 436 889 484 creora.
1168 428 1190 490 3

234 599 273 655 ut
296 599 394 674 puto,
421 599 455 656 et
481 592 624 657 amicale
654 593 847 676 quibusque
879 595 1028 678 egregiis
1059 596 1188 663 Christi

234 708 435 791 tyronibus3
470 729 577 792 grave
600 730 683 775 vero
711 717 747 775 et
772 710 990 793 importabile
1016 717 1186 796 apostatis

231 824 483 907 insipientibus.
537 825 693 904 Quorum
728 827 871 908 priores
900 827 937 890 ni
962 829 1075 907 fallor,
1108 850 1185 895 cum

185 916 187 920 Α
231 941 382 1006 lacrimis
411 942 500 1007 forte
531 963 609 1025 quae
639 962 684 1007 ex
714 943 782 1006 Dei
817 943 963 1032 caritate
994 945 1183 1029 profluunt,

202 1058 290 1123 salii
312 1059 404 1123 enim
429 1066 534 1141 atque
558 1079 636 1123 cum
649 1057 803 1134 tristitia,
818 1058 878 1122 sed
902 1080 980 1142 quae
1004 1061 1047 1125 de
1069 1062 1183 1145 indig-

229 1175 369 1240 natione
380 1182 416 1239 et
428 1174 713 1258 pusillanimitate
727 1173 948 1255 deprehensae
961 1177 1181 1251 conscientiae

229 1298 468 1374 extorquetur,
484 1290 569 1354 illud
584 1286 769 1372 excipient.

230 1502 301 1563 aperi
317 1501 415 1563 uobis3'
432 1503 525 1563 quibus
541 1516 690 1564 responsum
715 1501 828 1564 regibus,
844 1517 890 1563 per
901 1505 938 1551 tot
949 1504 1043 1564 secula,
1055 1503 1179 1567 Apostolo

228 1570 320 1634 iuerat,
338 1571 414 1620 ‘Non
432 1574 491 1620 novi
509 1571 573 1623 vos!
608 1573 691 1622 Audi·
715 1572 837 1633 ministro,
859 1573 977 1622 membris
1004 1574 1081 1622 etiam
1107 1575 1178 1627 illius

228 1641 301 1690 ebam
323 1656 393 1704 sane,
415 1642 486 1694 ‘Qui
508 1643 644 1692 crediderit
665 1647 690 1693 et
714 1642 849 1703 primitivae
862 1642 978 1692 ecclesiae
989 1644 1116 1695 Dominus
1127 1661 1176 1697 non

228 1711 372 1774 baptizatus
383 1712 459 1761 fuerit
470 1712 556 1762 salvus
567 1714 631 1774 erit3
644 1714 689 1776 qui
715 1713 829 1774 pepercit
840 1727 898 1761 cum
910 1728 926 1761 a
936 1718 1005 1762 recto
1021 1715 1120 1764 tramite
1131 1717 1176 1764 de-

227 1787 312 1830 autem
330 1797 379 1831 non
394 1783 529 1832 crediderit
540 1784 689 1834 condemna·
712 1782 812 1844 viarint,
819 1782 882 1844 quid
892 1783 938 1832 tali
949 1782 1026 1844 hujus
1037 1787 1175 1836 aucmento

226 1851 313 1902 bitur!
347 1853 474 1915 Legebam
485 1853 603 1915 Apostoli
617 1870 688 1919 voce,
713 1853 796 1902 aetatis
812 1853 927 1902 facturus
944 1858 1000 1902 estl
1019 1856 1062 1904 cui
1081 1860 1174 1917 praeter

227 1920 339 1971 Oleastri
355 1938 453 1987 ramum
471 1924 545 1972 bonae
556 1924 630 1973 olivae
649 1926 687 1973 in-
711 1922 756 1971 illa
767 1921 876 1972 nefanda
883 1923 1051 1985 immaniaque
1058 1931 1173 1990 peccata,

229 1996 324 2041 sertum
345 1993 443 2054 fuisse3
460 1993 507 2043 sed
528 2008 545 2042 a
566 1995 686 2044 societate
711 2007 770 2054 quae
790 1993 954 2042 communiter
976 2008 1034 2043 cum
1056 1996 1172 2047 omnibus

227 2063 320 2112 radicis
341 2064 505 2126 pinguedinis
524 2065 647 2126 ejusdem,
663 2067 686 2113 si
711 2062 798 2110 mundi
827 2063 956 2112 sceleratis
983 2066 1046 2126 egit,
1073 2067 1172 2115 accedit

226 2146 275 2180 non
299 2134 433 2195 timuisset,
456 2138 482 2181 et
503 2134 555 2182 alta
577 2139 686 2196 saperet,
712 2130 825 2193 [accidit
847 2133 877 2182 V.
889 2132 931 2195 .1.]
948 2134 1024 2183 etiam
1043 2132 1109 2182 illud
1128 2151 1172 2184 ve-

226 2202 403 2251 excidendum.
445 2202 562 2251 Sciebam
589 2203 686 2252 miseri-
709 2201 758 2249 luti
769 2203 908 2263 ingenitum
919 2201 982 2263 quid
1000 2208 1025 2252 et
1035 2203 1170 2256 indelebile

226 2272 337 2320 cordiam
348 2270 515 2334 Domini,sed
526 2275 551 2320 et
557 2273 685 2335 judicium
709 2269 861 2334 insipientiae
883 2271 983 2334 pondus
1010 2276 1036 2322 et
1059 2273 1170 2326 levitatis

225 2342 508 2403 timebam;laudabam
517 2343 685 2405 gratiam,sed
708 2340 877 2391 ineluctabile.
931 2342 1024 2394 Quidr
1056 2343 1170 2396 mihimet

224 2413 389 2462 redditionem
398 2413 684 2474 unicuiquesecundum
709 2412 790 2474 aione,
809 2412 893 2475 miser,
912 2413 959 2462 tibi
972 2414 1052 2464 veluti
1070 2417 1170 2477 conspi.

223 2496 302 2543 opera
318 2497 367 2532 sua
384 2483 504 2547 verebar3
529 2498 588 2534 oves
607 2484 684 2534 unius
708 2495 757 2531 cuo
768 2498 798 2532 ac
815 2497 912 2531 summo
924 2482 1021 2533 doctori
1031 2483 1090 2533 talis
1107 2499 1169 2536 cura

223 2553 297 2602 ovilis
313 2553 449 2602 dissimiles
465 2568 578 2618 cernens,
595 2555 683 2604 merito
708 2552 878 2616 committitur,
906 2556 936 2602 ut
963 2554 1048 2603 obstes
1074 2555 1168 2606 ictibus

223 2623 396 2673 beatissimum
407 2624 522 2673 dicebam
534 2625 639 2674 Petrum
650 2626 683 2675 ob
707 2625 759 2671 tam
774 2623 877 2672 violenti
895 2624 1020 2686 torrentis,
1040 2628 1066 2673 et
1081 2629 1168 2676 contra

223 2693 318 2742 Christi
328 2695 451 2756 integrm
458 2694 648 2758 confessionem,
656 2699 683 2745 at
707 2691 774 2743 hunc
784 2693 928 2742 inclitorum
938 2694 1061 2744 scelerum
1071 2694 1166 2760 funem,

222 2762 682 2827 Judsminfelicissimumproptercu-
706 2777 752 2823 per
773 2767 810 2812 tot
837 2778 958 2813 annorum
980 2766 1064 2826 spatia
1089 2764 1167 2815 inter·

222 2834 336 2895 piditatis
341 2835 623 2897 amorem38tephsnum
629 2837 682 2898 glo·
705 2838 779 2895 rupte
790 2834 891 2895 lateque
907 2838 1069 2898 protractum,
1081 2849 1166 2886 serves

222 2905 317 2953 riosnm
327 2906 359 2953 ob
370 2906 485 2967 martyrii
499 2907 618 2969 palmam,
635 2908 680 2956 sed
705 2904 849 2965 depositum
871 2904 918 2953 tibi
947 2905 1087 2954 creditum?
1123 2906 1165 2970 Et,

223 2974 359 3024 Nicolaum
377 2976 496 3024 miserum
515 2982 619 3038 propter
635 2978 681 3026 im-
705 2979 799 3038 taceas,
819 2975 931 3037 alioquin
950 2974 997 3024 hoc
1016 2980 1055 3024 est
1068 2976 1165 3026 dixisse

221 3046 323 3095 mundae
334 3045 455 3095 haeresics
470 3051 563 3096 uotam.
600 3047 681 3110 Lege·
705 3046 774 3109 pedi,
793 3044 942 3107 speculere3
965 3050 992 3093 et
1014 3046 1110 3107 manui,
1126 3045 1165 3096 ia-

221 3115 279 3164 bam
301 3121 378 3178 certe,
401 3116 498 3165 ‘Erant
520 3117 572 3167 illis
597 3120 680 3168 omnia
704 3119 765 3166 tere.
802 3116 889 3164 Habet
899 3116 1031 3164 Britannia
1046 3122 1165 3179 rectores,

221 3186 387 3247 communia3'
403 3187 448 3235 sed
464 3191 489 3235 et
505 3189 573 3248 quod
583 3187 679 3237 dictum
704 3185 780 3234 habet
790 3187 969 3247 speculatores.
995 3185 1066 3237 Quid
1076 3190 1104 3234 tu
1115 3201 1165 3236 nu·

221 3261 269 3317 est,
287 3257 390 3308 ‘Quare
408 3258 523 3306 convenit
535 3259 606 3307 vobis
623 3263 679 3308 ten·
705 3256 788 3318 gando
798 3257 890 3305 mutire
902 3255 1032 3317 disponis?
1069 3256 1164 3318 Habet,

221 3330 274 3374 tare
301 3327 423 3388 Spiritum
442 3326 519 3375 Derr’
553 3328 679 3378 Videbam
703 3326 815 3387 inquam,
826 3326 910 3387 habet,
927 3327 949 3374 si
962 3339 1011 3373 non
1023 3326 1099 3386 ultra,
1114 3340 1164 3373 non

221 3409 235 3441 e
262 3396 364 3456 regione
391 3401 513 3457 quantum
536 3398 679 3447 securitatis
703 3397 767 3444 citra
776 3410 916 3445 numerum.
952 3393 1003 3442 Sed
1013 3395 1075 3454 quia
1090 3395 1164 3443 incli-

221 3462 363 3514 hominibus
378 3466 457 3513 nostri
467 3468 594 3529 temporis,
611 3482 640 3515 ac
657 3469 680 3516 si
704 3467 757 3513 nati
774 3468 843 3513 tanto
863 3464 972 3526 pondere
993 3468 1054 3511 sunt
1072 3465 1162 3526 pressi,

221 3548 270 3582 non
289 3539 356 3583 esset
367 3534 435 3595 quod
450 3535 588 3598 timeretur,
599 3537 680 3586 incre·
703 3535 798 3583 idcirco
819 3534 930 3596 spatium
951 3533 1093 3594 respirandi
1113 3549 1162 3582 non

220 3608 299 3654 verat.
353 3605 418 3652 Haec
447 3605 526 3666 igitur
549 3610 575 3654 et
600 3608 680 3656 multo
703 3604 804 3654 habent.
845 3603 1063 3665 Praeoccupabant
1083 3604 1163 3666 igitur

220 3673 507 3736 plura,quaebrevitatis
518 3690 597 3726 causa
607 3678 680 3726 omit·
704 3690 731 3724 se
753 3678 841 3724 mutuo
860 3674 954 3723 talibus
969 3674 1162 3735 objectionibus,

219 3745 297 3793 tenda
323 3745 489 3807 decrevimus,
516 3760 574 3794 cum
595 3748 679 3808 quali-
703 3746 744 3794 vel
760 3745 839 3793 multo
850 3745 890 3794 his
900 3742 1108 3808 mordacioribus,
1118 3759 1162 3793 ve-

220 3829 321 3876 cunque
337 3815 420 3864 cordis
436 3817 625 3877 compunctione
642 3822 679 3867 at·
702 3815 751 3863 luti
761 3815 1029 3864 condebitoressensus
1039 3815 1098 3864 mei.
1124 3813 1162 3862 Hi

219 3886 298 3935 tonite
308 3890 390 3934 mente
405 3887 502 3947 saepius
512 3886 630 3947 volvene3
648 3888 679 3951 si,
703 3900 752 3934 uon
773 3899 860 3947 parvo,
882 3887 912 3934 ut
930 3884 994 3946 dixi,
1015 3888 1162 3946 tempore—

218 3955 331 4019 inquam,
353 3956 477 4018 peculiari
503 3971 535 4004 ex
562 3958 679 4007 omnibus
704 3970 762 4004 cum
783 3955 892 4017 legerem
909 3953 1025 4015 ‘tempus
1047 3968 1103 4003 esse
1124 3954 1162 4002 lo·

218 4026 363 4075 nationibus
373 4026 478 4088 populo,
494 4027 583 4076 semini
599 4029 679 4090 regali
703 4025 797 4086 quendi
807 4029 833 4074 et
840 4023 1161 4085 tacendi'-etinquadam

219 4097 338 4157 gentique
355 4101 459 4158 sanctae,
477 4096 602 4158 adquam
622 4098 678 4148 dix-
704 4111 734 4145 ac
746 4096 768 4145 si
779 4099 888 4158 angusta
895 4094 991 4143 timoris
997 4095 1096 4155 porticu
1106 4093 1163 4142 luc-

218 4171 281 4228 erat,
293 4167 680 4230 ‘Primogenitusmeuslsrael,’
703 4169 829 4216 tabantur.
858 4164 976 4215 Obtinuit
985 4164 1096 4226 vicitque
1106 4168 1163 4213 tan-

218 4237 325 4299 ejusque
341 4236 523 4301 sacerdotibus,
541 4237 680 4302 prophetis,
704 4240 762 4288 dem
781 4235 919 4298 aliquando
936 4233 1055 4352 predi2tor,
1065 4234 1093 4283 Si
1113 4250 1162 4283 non

969 4317 983 4351 n
