<?xml version="1.0" encoding="UTF-8"?>
<!DOCTYPE html PUBLIC "-//W3C//DTD XHTML 1.0 Transitional//EN"
    "http://www.w3.org/TR/xhtml1/DTD/xhtml1-transitional.dtd">
<html xmlns="http://www.w3.org/1999/xhtml" xml:lang="en" lang="en">
 <head>
  <title>
</title>
<meta http-equiv="Content-Type" content="text/html;charset=utf-8" />
  <meta name='ocr-system' content='tesseract 3.04.00' />
  <meta name='ocr-capabilities' content='ocr_page ocr_carea ocr_par ocr_line ocrx_word'/>
</head>
<body>
  <div class='ocr_page' id='page_1' title='image "./gildasdeexcidio00gildgoog_0077.png"; bbox 0 0 2940 4884; ppageno 0'>
   <div class='ocr_carea' id='block_1_1' title="bbox 483 401 1123 465">
    <p class='ocr_par' dir='ltr' id='par_1_1' title="bbox 483 401 1123 465">
     <span class='ocr_line' id='line_1_1' title="bbox 483 401 1123 465; baseline 0 -2"><span class='ocrx_word' id='word_1_1' title='bbox 483 416 657 465; x_wconf 77' lang='lat' dir='ltr'>rusronm</span> <span class='ocrx_word' id='word_1_2' title='bbox 681 416 811 464; x_wconf 78' lang='lat' dir='ltr'>cinon.</span> <span class='ocrx_word' id='word_1_3' title='bbox 1079 401 1123 463; x_wconf 80' lang='lat'>27</span> 
     </span>
    </p>
   </div>
   <div class='ocr_carea' id='block_1_2' title="bbox 88 573 1129 2466">
    <p class='ocr_par' dir='ltr' id='par_1_2' title="bbox 88 573 1129 2466">
     <span class='ocr_line' id='line_1_2' title="bbox 168 573 1123 658; baseline 0.002 -21"><span class='ocrx_word' id='word_1_4' title='bbox 168 574 386 657; x_wconf 90' lang='lat' dir='ltr'>impudentes</span> <span class='ocrx_word' id='word_1_5' title='bbox 407 580 623 656; x_wconf 78' lang='lat' dir='ltr'><strong>grassatores</strong></span> <span class='ocrx_word' id='word_1_6' title='bbox 646 574 689 638; x_wconf 90' lang='lat' dir='ltr'>ad</span> <span class='ocrx_word' id='word_1_7' title='bbox 714 573 875 639; x_wconf 88' lang='lat' dir='ltr'>hibernas</span> <span class='ocrx_word' id='word_1_8' title='bbox 895 575 1027 651; x_wconf 84' lang='lat' dir='ltr'>domos,</span> <span class='ocrx_word' id='word_1_9' title='bbox 1043 582 1123 658; x_wconf 88' lang='lat' dir='ltr'>post</span> 
     </span>
     <span class='ocr_line' id='line_1_3' title="bbox 169 675 1123 758; baseline 0.001 -20"><span class='ocrx_word' id='word_1_10' title='bbox 169 695 239 739; x_wconf 92' lang='lat' dir='ltr'>non</span> <span class='ocrx_word' id='word_1_11' title='bbox 271 675 418 738; x_wconf 89' lang='lat' dir='ltr'>multum</span> <span class='ocrx_word' id='word_1_12' title='bbox 441 676 606 758; x_wconf 90' lang='lat' dir='ltr'>temporis</span> <span class='ocrx_word' id='word_1_13' title='bbox 640 676 822 739; x_wconf 85' lang='lat' dir='ltr'>reversuri.</span> <span class='ocrx_word' id='word_1_14' title='bbox 877 675 969 739; x_wconf 91' lang='lat' dir='ltr'>Picti</span> <span class='ocrx_word' id='word_1_15' title='bbox 994 677 1031 739; x_wconf 92' lang='lat' dir='ltr'>in</span> <span class='ocrx_word' id='word_1_16' title='bbox 1052 696 1123 744; x_wconf 69' lang='lat' dir='ltr'>,ex-</span> 
     </span>
     <span class='ocr_line' id='line_1_4' title="bbox 170 775 1123 859; baseline 0.001 -20"><span class='ocrx_word' id='word_1_17' title='bbox 170 783 280 839; x_wconf 90' lang='lat' dir='ltr'>trema</span> <span class='ocrx_word' id='word_1_18' title='bbox 299 783 399 856; x_wconf 89' lang='lat' dir='ltr'>parte</span> <span class='ocrx_word' id='word_1_19' title='bbox 421 775 545 839; x_wconf 85' lang='lat' dir='ltr'>insulae</span> <span class='ocrx_word' id='word_1_20' title='bbox 569 781 643 838; x_wconf 92' lang='lat' dir='ltr'>tum</span> <span class='ocrx_word' id='word_1_21' title='bbox 667 776 817 858; x_wconf 85' lang='lat' dir='ltr'>primum</span> <span class='ocrx_word' id='word_1_22' title='bbox 834 783 869 839; x_wconf 90' lang='lat' dir='ltr'>et</span> <span class='ocrx_word' id='word_1_23' title='bbox 885 776 1047 859; x_wconf 84' lang='lat' dir='ltr'><strong>deinceps</strong></span> <span class='ocrx_word' id='word_1_24' title='bbox 1069 796 1123 840; x_wconf 92' lang='lat' dir='ltr'>re·</span> 
     </span>
     <span class='ocr_line' id='line_1_5' title="bbox 171 875 1122 959; baseline 0.002 -20"><span class='ocrx_word' id='word_1_25' title='bbox 171 875 387 958; x_wconf 89' lang='lat' dir='ltr'>quieverunt,</span> <span class='ocrx_word' id='word_1_26' title='bbox 410 875 546 958; x_wconf 84' lang='lat' dir='ltr'>praedas</span> <span class='ocrx_word' id='word_1_27' title='bbox 566 882 602 940; x_wconf 93' lang='lat' dir='ltr'>et</span> <span class='ocrx_word' id='word_1_28' title='bbox 625 877 850 941; x_wconf 80' lang='lat' dir='ltr'>contritiones</span> <span class='ocrx_word' id='word_1_29' title='bbox 872 896 1122 959; x_wconf 82' lang='lat' dir='ltr'><strong>nonnunquam</strong></span> 
     </span>
     <span class='ocr_line' id='line_1_6' title="bbox 145 975 1123 1060; baseline 0 -18"><span class='ocrx_word' id='word_1_30' title='bbox 145 975 348 1042; x_wconf 77' lang='lat' dir='ltr'>ssacientes</span> <span class='ocrx_word' id='word_1_31' title='bbox 402 976 446 1040; x_wconf 93' lang='lat' dir='ltr'>In</span> <span class='ocrx_word' id='word_1_32' title='bbox 483 975 611 1040; x_wconf 87' lang='lat' dir='ltr'>talibus</span> <span class='ocrx_word' id='word_1_33' title='bbox 642 977 760 1060; x_wconf 87' lang='lat' dir='ltr'>itaque</span> <span class='ocrx_word' id='word_1_34' title='bbox 789 976 939 1041; x_wconf 90' lang='lat' dir='ltr'>induciis</span> <span class='ocrx_word' id='word_1_35' title='bbox 965 977 1123 1042; x_wconf 90' lang='lat' dir='ltr'>desoluto</span> 
     </span>
     <span class='ocr_line' id='line_1_7' title="bbox 172 1071 1125 1159; baseline 0.002 -19"><span class='ocrx_word' id='word_1_36' title='bbox 172 1077 312 1159; x_wconf 90' lang='lat' dir='ltr'>populo,</span> <span class='ocrx_word' id='word_1_37' title='bbox 328 1095 425 1141; x_wconf 86' lang='lat' dir='ltr'>saeva</span> <span class='ocrx_word' id='word_1_38' title='bbox 444 1077 590 1141; x_wconf 86' lang='lat' dir='ltr'>cicatrix</span> <span class='ocrx_word' id='word_1_39' title='bbox 606 1077 799 1154; x_wconf 88' lang='lat' dir='ltr'>obducitur,</span> <span class='ocrx_word' id='word_1_40' title='bbox 816 1077 885 1142; x_wconf 88' lang='lat' dir='ltr'>alia</span> <span class='ocrx_word' id='word_1_41' title='bbox 901 1071 1125 1142; x_wconf 77' lang='lat' dir='ltr'>virulentiore</span> 
     </span>
     <span class='ocr_line' id='line_1_8' title="bbox 172 1175 1125 1258; baseline 0.001 -17"><span class='ocrx_word' id='word_1_42' title='bbox 172 1183 287 1241; x_wconf 91' lang='lat' dir='ltr'>tactus</span> <span class='ocrx_word' id='word_1_43' title='bbox 301 1176 505 1258; x_wconf 84' lang='lat' dir='ltr'>pullulante.</span> <span class='ocrx_word' id='word_1_44' title='bbox 555 1175 765 1255; x_wconf 85' lang='lat' dir='ltr'>Quiescente</span> <span class='ocrx_word' id='word_1_45' title='bbox 790 1184 906 1241; x_wconf 90' lang='lat' dir='ltr'>autem</span> <span class='ocrx_word' id='word_1_46' title='bbox 917 1178 1125 1254; x_wconf 89' lang='lat' dir='ltr'>vastatione,</span> 
     </span>
     <span class='ocr_line' id='line_1_9' title="bbox 172 1276 1127 1359; baseline 0.001 -19"><span class='ocrx_word' id='word_1_47' title='bbox 172 1278 281 1341; x_wconf 90' lang='lat' dir='ltr'>tantis</span> <span class='ocrx_word' id='word_1_48' title='bbox 303 1276 594 1341; x_wconf 84' lang='lat' dir='ltr'>abundantiarum</span> <span class='ocrx_word' id='word_1_49' title='bbox 619 1276 728 1359; x_wconf 87' lang='lat' dir='ltr'>copiis</span> <span class='ocrx_word' id='word_1_50' title='bbox 752 1277 868 1341; x_wconf 90' lang='lat' dir='ltr'>insula</span> <span class='ocrx_word' id='word_1_51' title='bbox 890 1277 1064 1355; x_wconf 88' lang='lat' dir='ltr'>affluebat,</span> <span class='ocrx_word' id='word_1_52' title='bbox 1086 1285 1127 1341; x_wconf 88' lang='lat' dir='ltr'>ut</span> 
     </span>
     <span class='ocr_line' id='line_1_10' title="bbox 173 1376 1126 1455; baseline 0.002 -15"><span class='ocrx_word' id='word_1_53' title='bbox 173 1377 270 1441; x_wconf 94' lang='lat' dir='ltr'>nulla</span> <span class='ocrx_word' id='word_1_54' title='bbox 301 1376 421 1440; x_wconf 86' lang='lat' dir='ltr'>haberi</span> <span class='ocrx_word' id='word_1_55' title='bbox 450 1377 539 1441; x_wconf 90' lang='lat' dir='ltr'>tales</span> <span class='ocrx_word' id='word_1_56' title='bbox 568 1383 662 1440; x_wconf 87' lang='lat' dir='ltr'>retro</span> <span class='ocrx_word' id='word_1_57' title='bbox 686 1384 774 1440; x_wconf 88' lang='lat' dir='ltr'>aetas</span> <span class='ocrx_word' id='word_1_58' title='bbox 801 1378 1025 1455; x_wconf 87' lang='lat' dir='ltr'>meminisset,</span> <span class='ocrx_word' id='word_1_59' title='bbox 1048 1397 1126 1442; x_wconf 89' lang='lat' dir='ltr'>cum</span> 
     </span>
     <span class='ocr_line' id='line_1_11' title="bbox 130 1476 1127 1558; baseline 0.001 -16"><span class='ocrx_word' id='word_1_60' title='bbox 130 1497 162 1542; x_wconf 85' lang='lat' dir='ltr'>ro</span> <span class='ocrx_word' id='word_1_61' title='bbox 174 1477 299 1558; x_wconf 90' lang='lat' dir='ltr'>quibus</span> <span class='ocrx_word' id='word_1_62' title='bbox 331 1476 535 1540; x_wconf 91' lang='lat' dir='ltr'>omnimodis</span> <span class='ocrx_word' id='word_1_63' title='bbox 569 1483 605 1539; x_wconf 94' lang='lat' dir='ltr'>et</span> <span class='ocrx_word' id='word_1_64' title='bbox 636 1477 776 1540; x_wconf 85' lang='lat' dir='ltr'>luxuria</span> <span class='ocrx_word' id='word_1_65' title='bbox 812 1479 946 1543; x_wconf 91' lang='lat' dir='ltr'>crescit.</span> <span class='ocrx_word' id='word_1_66' title='bbox 1008 1477 1127 1543; x_wconf 84' lang='lat' dir='ltr'>Crevit</span> 
     </span>
     <span class='ocr_line' id='line_1_12' title="bbox 174 1575 1128 1661; baseline 0.001 -21"><span class='ocrx_word' id='word_1_67' title='bbox 174 1577 301 1640; x_wconf 86' lang='lat' dir='ltr'>etenim</span> <span class='ocrx_word' id='word_1_68' title='bbox 323 1575 476 1659; x_wconf 80' lang='lat' dir='ltr'>germine</span> <span class='ocrx_word' id='word_1_69' title='bbox 500 1577 730 1660; x_wconf 87' lang='lat' dir='ltr'>praepollenti,</span> <span class='ocrx_word' id='word_1_70' title='bbox 756 1577 808 1642; x_wconf 86' lang='lat' dir='ltr'>ita</span> <span class='ocrx_word' id='word_1_71' title='bbox 829 1585 870 1643; x_wconf 88' lang='lat' dir='ltr'>ut</span> <span class='ocrx_word' id='word_1_72' title='bbox 894 1586 1128 1661; x_wconf 88' lang='lat' dir='ltr'>competenter</span> 
     </span>
     <span class='ocr_line' id='line_1_13' title="bbox 174 1675 1128 1758; baseline 0.002 -18"><span class='ocrx_word' id='word_1_73' title='bbox 174 1675 292 1740; x_wconf 89' lang='lat' dir='ltr'>eodem</span> <span class='ocrx_word' id='word_1_74' title='bbox 318 1683 472 1758; x_wconf 90' lang='lat' dir='ltr'>tempore</span> <span class='ocrx_word' id='word_1_75' title='bbox 500 1676 682 1756; x_wconf 89' lang='lat' dir='ltr'>diceretur,</span> <span class='ocrx_word' id='word_1_76' title='bbox 703 1677 853 1743; x_wconf 91' lang='lat' dir='ltr'>Omnino</span> <span class='ocrx_word' id='word_1_77' title='bbox 881 1679 962 1742; x_wconf 87' lang='lat' dir='ltr'>talis</span> <span class='ocrx_word' id='word_1_78' title='bbox 989 1679 1128 1743; x_wconf 87' lang='lat' dir='ltr'>auditur</span> 
     </span>
     <span class='ocr_line' id='line_1_14' title="bbox 173 1775 1126 1860; baseline 0.003 -20"><span class='ocrx_word' id='word_1_79' title='bbox 173 1777 264 1840; x_wconf 91' lang='lat' dir='ltr'>inter</span> <span class='ocrx_word' id='word_1_80' title='bbox 279 1795 344 1841; x_wconf 88' lang='lat' dir='ltr'>vos</span> <span class='ocrx_word' id='word_1_81' title='bbox 358 1775 554 1855; x_wconf 85' lang='lat' dir='ltr'>fornicatio,</span> <span class='ocrx_word' id='word_1_82' title='bbox 577 1778 689 1859; x_wconf 90' lang='lat' dir='ltr'>qualis</span> <span class='ocrx_word' id='word_1_83' title='bbox 709 1797 773 1841; x_wconf 90' lang='lat' dir='ltr'>nec</span> <span class='ocrx_word' id='word_1_84' title='bbox 794 1779 885 1843; x_wconf 91' lang='lat' dir='ltr'>inter</span> <span class='ocrx_word' id='word_1_85' title='bbox 905 1786 1026 1860; x_wconf 85' lang='lat' dir='ltr'>gentes</span> <span class='ocrx_word' id='word_1_86' title='bbox 1048 1778 1126 1843; x_wconf 82' lang='lat' dir='ltr'>luit.</span> 
     </span>
     <span class='ocr_line' id='line_1_15' title="bbox 175 1875 1128 1956; baseline 0.004 -16"><span class='ocrx_word' id='word_1_87' title='bbox 175 1877 259 1941; x_wconf 93' lang='lat' dir='ltr'>Non</span> <span class='ocrx_word' id='word_1_88' title='bbox 281 1877 393 1940; x_wconf 91' lang='lat' dir='ltr'>solum</span> <span class='ocrx_word' id='word_1_89' title='bbox 415 1897 497 1942; x_wconf 86' lang='lat' dir='ltr'>vero</span> <span class='ocrx_word' id='word_1_90' title='bbox 518 1875 586 1942; x_wconf 81' lang='lat' dir='ltr'>fuit</span> <span class='ocrx_word' id='word_1_91' title='bbox 607 1877 673 1942; x_wconf 92' lang='lat' dir='ltr'>hoc</span> <span class='ocrx_word' id='word_1_92' title='bbox 694 1878 832 1956; x_wconf 80' lang='lat' dir='ltr'>vitium,</span> <span class='ocrx_word' id='word_1_93' title='bbox 852 1879 913 1942; x_wconf 89' lang='lat' dir='ltr'>sed</span> <span class='ocrx_word' id='word_1_94' title='bbox 936 1886 972 1944; x_wconf 92' lang='lat' dir='ltr'>et</span> <span class='ocrx_word' id='word_1_95' title='bbox 988 1879 1128 1944; x_wconf 85' lang='lat' dir='ltr'>fuerunt</span> 
     </span>
     <span class='ocr_line' id='line_1_16' title="bbox 130 1977 1129 2059; baseline 0.001 -15"><span class='ocrx_word' id='word_1_96' title='bbox 130 1998 161 2044; x_wconf 83' lang='lat' dir='ltr'>rs</span> <span class='ocrx_word' id='word_1_97' title='bbox 175 1978 302 2055; x_wconf 85' lang='lat' dir='ltr'>omnia,</span> <span class='ocrx_word' id='word_1_98' title='bbox 325 1997 404 2059; x_wconf 88' lang='lat' dir='ltr'>quae</span> <span class='ocrx_word' id='word_1_99' title='bbox 427 1977 588 2041; x_wconf 88' lang='lat' dir='ltr'>humanae</span> <span class='ocrx_word' id='word_1_100' title='bbox 611 1985 746 2043; x_wconf 86' lang='lat' dir='ltr'>naturae</span> <span class='ocrx_word' id='word_1_101' title='bbox 768 1979 925 2043; x_wconf 87' lang='lat' dir='ltr'>accidere</span> <span class='ocrx_word' id='word_1_102' title='bbox 946 1980 1070 2057; x_wconf 92' lang='lat' dir='ltr'>solent,</span> <span class='ocrx_word' id='word_1_103' title='bbox 1093 1987 1129 2045; x_wconf 92' lang='lat' dir='ltr'>et</span> 
     </span>
     <span class='ocr_line' id='line_1_17' title="bbox 174 2078 1128 2160; baseline 0.003 -20"><span class='ocrx_word' id='word_1_104' title='bbox 174 2078 360 2160; x_wconf 86' lang='lat' dir='ltr'>praecipue,</span> <span class='ocrx_word' id='word_1_105' title='bbox 382 2078 474 2159; x_wconf 90' lang='lat' dir='ltr'>quod</span> <span class='ocrx_word' id='word_1_106' title='bbox 497 2085 532 2142; x_wconf 91' lang='lat' dir='ltr'>et</span> <span class='ocrx_word' id='word_1_107' title='bbox 548 2098 640 2142; x_wconf 92' lang='lat' dir='ltr'>nunc</span> <span class='ocrx_word' id='word_1_108' title='bbox 655 2098 792 2160; x_wconf 89' lang='lat' dir='ltr'>quoque</span> <span class='ocrx_word' id='word_1_109' title='bbox 806 2080 843 2142; x_wconf 86' lang='lat' dir='ltr'>in</span> <span class='ocrx_word' id='word_1_110' title='bbox 867 2098 910 2143; x_wconf 90' lang='lat' dir='ltr'>ea</span> <span class='ocrx_word' id='word_1_111' title='bbox 925 2081 1032 2144; x_wconf 89' lang='lat' dir='ltr'>totius</span> <span class='ocrx_word' id='word_1_112' title='bbox 1047 2080 1128 2143; x_wconf 90' lang='lat' dir='ltr'>boni</span> 
     </span>
     <span class='ocr_line' id='line_1_18' title="bbox 175 2178 1128 2255; baseline 0.001 -14"><span class='ocrx_word' id='word_1_113' title='bbox 175 2178 300 2242; x_wconf 87' lang='lat' dir='ltr'>evertit</span> <span class='ocrx_word' id='word_1_114' title='bbox 322 2183 465 2255; x_wconf 85' lang='lat' dir='ltr'>statum,</span> <span class='ocrx_word' id='word_1_115' title='bbox 496 2178 613 2242; x_wconf 91' lang='lat' dir='ltr'>odium</span> <span class='ocrx_word' id='word_1_116' title='bbox 638 2179 796 2243; x_wconf 81' lang='lat' dir='ltr'>veritatis</span> <span class='ocrx_word' id='word_1_117' title='bbox 822 2178 889 2243; x_wconf 89' lang='lat' dir='ltr'>fuit</span> <span class='ocrx_word' id='word_1_118' title='bbox 914 2199 992 2243; x_wconf 92' lang='lat' dir='ltr'>cum</span> <span class='ocrx_word' id='word_1_119' title='bbox 1017 2199 1128 2245; x_wconf 87' lang='lat' dir='ltr'>asser-</span> 
     </span>
     <span class='ocr_line' id='line_1_19' title="bbox 176 2278 1128 2356; baseline 0.003 -14"><span class='ocrx_word' id='word_1_120' title='bbox 176 2278 308 2342; x_wconf 88' lang='lat' dir='ltr'>toribus</span> <span class='ocrx_word' id='word_1_121' title='bbox 331 2278 415 2356; x_wconf 90' lang='lat' dir='ltr'>suis,</span> <span class='ocrx_word' id='word_1_122' title='bbox 438 2296 536 2342; x_wconf 92' lang='lat' dir='ltr'>amor</span> <span class='ocrx_word' id='word_1_123' title='bbox 557 2278 727 2343; x_wconf 89' lang='lat' dir='ltr'>mendacii</span> <span class='ocrx_word' id='word_1_124' title='bbox 749 2299 829 2343; x_wconf 87' lang='lat' dir='ltr'>cum</span> <span class='ocrx_word' id='word_1_125' title='bbox 850 2279 922 2344; x_wconf 89' lang='lat' dir='ltr'>suis</span> <span class='ocrx_word' id='word_1_126' title='bbox 943 2279 1128 2345; x_wconf 80' lang='lat' dir='ltr'>fabricato-</span> 
     </span>
     <span class='ocr_line' id='line_1_20' title="bbox 88 2378 1127 2466; baseline 0.005 -26"><span class='ocrx_word' id='word_1_127' title='bbox 88 2451 92 2466; x_wconf 28' lang='lat'>]</span> <span class='ocrx_word' id='word_1_128' title='bbox 177 2378 283 2456; x_wconf 91' lang='lat' dir='ltr'>ribus,</span> <span class='ocrx_word' id='word_1_129' title='bbox 314 2379 488 2461; x_wconf 88' lang='lat' dir='ltr'>susceptio</span> <span class='ocrx_word' id='word_1_130' title='bbox 517 2379 601 2442; x_wconf 88' lang='lat' dir='ltr'>mali</span> <span class='ocrx_word' id='word_1_131' title='bbox 631 2399 694 2462; x_wconf 92' lang='lat' dir='ltr'>pro</span> <span class='ocrx_word' id='word_1_132' title='bbox 729 2381 832 2458; x_wconf 90' lang='lat' dir='ltr'>bono,</span> <span class='ocrx_word' id='word_1_133' title='bbox 860 2380 1038 2445; x_wconf 83' lang='lat' dir='ltr'>veneratio</span> <span class='ocrx_word' id='word_1_134' title='bbox 1067 2401 1127 2445; x_wconf 91' lang='lat' dir='ltr'>ne·</span> 
     </span>
    </p>
   </div>
   <div class='ocr_carea' id='block_1_3' title="bbox 130 2479 1168 3064">
    <p class='ocr_par' dir='ltr' id='par_1_3' title="bbox 130 2479 1168 2963">
     <span class='ocr_line' id='line_1_21' title="bbox 130 2479 1129 2564; baseline 0.004 -23"><span class='ocrx_word' id='word_1_135' title='bbox 130 2504 163 2549; x_wconf 75' lang='lat'>20</span> <span class='ocrx_word' id='word_1_136' title='bbox 178 2479 298 2560; x_wconf 89' lang='lat' dir='ltr'>quitiae</span> <span class='ocrx_word' id='word_1_137' title='bbox 330 2498 394 2561; x_wconf 91' lang='lat' dir='ltr'>pro</span> <span class='ocrx_word' id='word_1_138' title='bbox 419 2479 646 2560; x_wconf 74' lang='lat' dir='ltr'>benignitate,</span> <span class='ocrx_word' id='word_1_139' title='bbox 674 2480 799 2562; x_wconf 91' lang='lat' dir='ltr'>cupido</span> <span class='ocrx_word' id='word_1_140' title='bbox 822 2482 1041 2545; x_wconf 91' lang='lat' dir='ltr'>tenebrarum</span> <span class='ocrx_word' id='word_1_141' title='bbox 1066 2501 1129 2564; x_wconf 87' lang='lat' dir='ltr'>pro</span> 
     </span>
     <span class='ocr_line' id='line_1_22' title="bbox 177 2579 1128 2664; baseline 0.002 -21"><span class='ocrx_word' id='word_1_142' title='bbox 177 2579 262 2656; x_wconf 90' lang='lat' dir='ltr'>sole,</span> <span class='ocrx_word' id='word_1_143' title='bbox 278 2580 437 2661; x_wconf 85' lang='lat' dir='ltr'>exceptio</span> <span class='ocrx_word' id='word_1_144' title='bbox 460 2579 601 2644; x_wconf 86' lang='lat' dir='ltr'>Satanae</span> <span class='ocrx_word' id='word_1_145' title='bbox 623 2601 686 2663; x_wconf 90' lang='lat' dir='ltr'>pro</span> <span class='ocrx_word' id='word_1_146' title='bbox 709 2581 835 2662; x_wconf 85' lang='lat' dir='ltr'>angelo</span> <span class='ocrx_word' id='word_1_147' title='bbox 854 2582 965 2647; x_wconf 82' lang='lat' dir='ltr'>lucis.</span> <span class='ocrx_word' id='word_1_148' title='bbox 1008 2581 1128 2664; x_wconf 81' lang='lat' dir='ltr'>Unge-</span> 
     </span>
     <span class='ocr_line' id='line_1_23' title="bbox 176 2680 1168 2765; baseline 0.003 -22"><span class='ocrx_word' id='word_1_149' title='bbox 176 2680 304 2744; x_wconf 88' lang='lat' dir='ltr'>bantur</span> <span class='ocrx_word' id='word_1_150' title='bbox 325 2698 424 2762; x_wconf 80' lang='lat' dir='ltr'>reges</span> <span class='ocrx_word' id='word_1_151' title='bbox 447 2687 481 2744; x_wconf 93' lang='lat' dir='ltr'>et</span> <span class='ocrx_word' id='word_1_152' title='bbox 504 2700 574 2744; x_wconf 94' lang='lat' dir='ltr'>non</span> <span class='ocrx_word' id='word_1_153' title='bbox 595 2700 656 2763; x_wconf 88' lang='lat' dir='ltr'>per</span> <span class='ocrx_word' id='word_1_154' title='bbox 678 2680 805 2760; x_wconf 91' lang='lat' dir='ltr'>Deum,</span> <span class='ocrx_word' id='word_1_155' title='bbox 836 2681 898 2745; x_wconf 87' lang='lat' dir='ltr'>sed</span> <span class='ocrx_word' id='word_1_156' title='bbox 921 2683 981 2764; x_wconf 93' lang='lat' dir='ltr'>qui</span> <span class='ocrx_word' id='word_1_157' title='bbox 1006 2682 1129 2746; x_wconf 88' lang='lat' dir='ltr'>ceteris</span> <span class='ocrx_word' id='word_1_158' title='bbox 1165 2760 1168 2765; x_wconf 33' lang='grc'><strong>,</strong></span> 
     </span>
     <span class='ocr_line' id='line_1_24' title="bbox 177 2780 1129 2864; baseline 0.003 -21"><span class='ocrx_word' id='word_1_159' title='bbox 177 2780 384 2844; x_wconf 88' lang='lat' dir='ltr'>crudeliores</span> <span class='ocrx_word' id='word_1_160' title='bbox 393 2787 592 2861; x_wconf 83' lang='lat' dir='ltr'>exstarent3</span> <span class='ocrx_word' id='word_1_161' title='bbox 610 2788 646 2846; x_wconf 91' lang='lat' dir='ltr'>et</span> <span class='ocrx_word' id='word_1_162' title='bbox 656 2781 761 2863; x_wconf 88' lang='lat' dir='ltr'>paulo</span> <span class='ocrx_word' id='word_1_163' title='bbox 773 2783 906 2864; x_wconf 86' lang='lat' dir='ltr'>postab</span> <span class='ocrx_word' id='word_1_164' title='bbox 916 2783 1129 2861; x_wconf 89' lang='lat' dir='ltr'>unctoribus,</span> 
     </span>
     <span class='ocr_line' id='line_1_25' title="bbox 176 2881 1129 2963; baseline 0.002 -19"><span class='ocrx_word' id='word_1_165' title='bbox 176 2900 247 2944; x_wconf 94' lang='lat' dir='ltr'>non</span> <span class='ocrx_word' id='word_1_166' title='bbox 266 2901 329 2963; x_wconf 91' lang='lat' dir='ltr'>pro</span> <span class='ocrx_word' id='word_1_167' title='bbox 354 2881 427 2959; x_wconf 86' lang='lat' dir='ltr'>veri</span> <span class='ocrx_word' id='word_1_168' title='bbox 456 2882 724 2960; x_wconf 85' lang='lat' dir='ltr'>examinatione,</span> <span class='ocrx_word' id='word_1_169' title='bbox 749 2882 1024 2961; x_wconf 86' lang='lat' dir='ltr'>trucidabantur,</span> <span class='ocrx_word' id='word_1_170' title='bbox 1052 2883 1129 2946; x_wconf 86' lang='lat' dir='ltr'>aliis</span> 
     </span>
    </p>

    <p class='ocr_par' dir='ltr' id='par_1_4' title="bbox 131 2981 1131 3064">
     <span class='ocr_line' id='line_1_26' title="bbox 131 2981 1131 3064; baseline -0.001 -15"><span class='ocrx_word' id='word_1_171' title='bbox 131 3005 163 3051; x_wconf 78' lang='lat' dir='ltr'>as</span> <span class='ocrx_word' id='word_1_172' title='bbox 177 2981 295 3046; x_wconf 92' lang='lat' dir='ltr'>electis</span> <span class='ocrx_word' id='word_1_173' title='bbox 320 2982 538 3047; x_wconf 77' lang='lat' dir='ltr'>trucioribus</span> <span class='ocrx_word' id='word_1_174' title='bbox 591 2982 630 3046; x_wconf 91' lang='lat' dir='ltr'>Si</span> <span class='ocrx_word' id='word_1_175' title='bbox 657 2983 734 3064; x_wconf 90' lang='lat' dir='ltr'>quis</span> <span class='ocrx_word' id='word_1_176' title='bbox 758 3003 842 3047; x_wconf 87' lang='lat' dir='ltr'>vero</span> <span class='ocrx_word' id='word_1_177' title='bbox 867 2983 984 3048; x_wconf 92' lang='lat' dir='ltr'>mitior</span> <span class='ocrx_word' id='word_1_178' title='bbox 1012 3003 1131 3047; x_wconf 88' lang='lat' dir='ltr'>eorum</span> 
     </span>
    </p>
   </div>
   <div class='ocr_carea' id='block_1_4' title="bbox 177 3283 1132 4266">
    <p class='ocr_par' dir='ltr' id='par_1_5' title="bbox 177 3283 1132 3492">
     <span class='ocr_line' id='line_1_27' title="bbox 212 3283 1132 3353; baseline 0.002 -17"><span class='ocrx_word' id='word_1_179' title='bbox 212 3286 402 3336; x_wconf 79' lang='lat' dir='ltr'>1Adbibemos</span> <span class='ocrx_word' id='word_1_180' title='bbox 412 3289 513 3353; x_wconf 77' lang='lat' dir='ltr'>domos]</span> <span class='ocrx_word' id='word_1_181' title='bbox 531 3290 640 3339; x_wconf 90' lang='lat' dir='ltr'>Hiberni</span> <span class='ocrx_word' id='word_1_182' title='bbox 702 3283 888 3353; x_wconf 76' lang='lat' dir='ltr'>⁷Vostotione.]</span> <span class='ocrx_word' id='word_1_183' title='bbox 900 3287 1132 3352; x_wconf 82' lang='lat' dir='ltr'>Vastatioest,A.;</span> 
     </span>
     <span class='ocr_line' id='line_1_28' title="bbox 177 3356 881 3424; baseline 0.001 -17"><span class='ocrx_word' id='word_1_184' title='bbox 177 3359 273 3420; x_wconf 82' lang='lat' dir='ltr'>domos,</span> <span class='ocrx_word' id='word_1_185' title='bbox 285 3359 319 3406; x_wconf 94' lang='grc' dir='ltr'>Β.</span> <span class='ocrx_word' id='word_1_186' title='bbox 335 3357 379 3424; x_wconf 91' lang='lat' dir='ltr'>(on</span> <span class='ocrx_word' id='word_1_187' title='bbox 392 3373 425 3406; x_wconf 86' lang='lat' dir='ltr'>an</span> <span class='ocrx_word' id='word_1_188' title='bbox 436 3356 566 3424; x_wconf 83' lang='lat' dir='ltr'>erasure);</span> <span class='ocrx_word' id='word_1_189' title='bbox 584 3361 640 3421; x_wconf 85' lang='lat' dir='ltr'>Hy·</span> <span class='ocrx_word' id='word_1_190' title='bbox 664 3361 791 3421; x_wconf 86' lang='lat' dir='ltr'>vastitate,</span> <span class='ocrx_word' id='word_1_191' title='bbox 803 3361 837 3409; x_wconf 88' lang='grc' dir='ltr'>Β.</span> <span class='ocrx_word' id='word_1_192' title='bbox 850 3360 881 3409; x_wconf 90' lang='grc' dir='ltr'>Υ.</span> 
     </span>
     <span class='ocr_line' id='line_1_29' title="bbox 177 3427 1065 3492; baseline 0 -14"><span class='ocrx_word' id='word_1_193' title='bbox 177 3429 248 3478; x_wconf 87' lang='lat' dir='ltr'>berni</span> <span class='ocrx_word' id='word_1_194' title='bbox 260 3428 370 3490; x_wconf 90' lang='lat' dir='ltr'>domum,</span> <span class='ocrx_word' id='word_1_195' title='bbox 385 3428 416 3477; x_wconf 88' lang='lat' dir='ltr'>V.</span> <span class='ocrx_word' id='word_1_196' title='bbox 701 3427 711 3459; x_wconf 85' lang='lat'><strong>⁹</strong></span> <span class='ocrx_word' id='word_1_197' title='bbox 724 3429 840 3492; x_wconf 73' lang='lat' dir='ltr'>Hateri]</span> <span class='ocrx_word' id='word_1_198' title='bbox 858 3429 971 3489; x_wconf 91' lang='lat' dir='ltr'>Habere,</span> <span class='ocrx_word' id='word_1_199' title='bbox 983 3428 1017 3477; x_wconf 97' lang='grc' dir='ltr'>Β.</span> <span class='ocrx_word' id='word_1_200' title='bbox 1034 3429 1065 3478; x_wconf 89' lang='grc' dir='ltr'>Υ.</span> 
     </span>
    </p>

    <p class='ocr_par' dir='ltr' id='par_1_6' title="bbox 178 3495 1038 3632">
     <span class='ocr_line' id='line_1_30' title="bbox 213 3495 1013 3562; baseline -0.001 -15"><span class='ocrx_word' id='word_1_201' title='bbox 213 3495 355 3547; x_wconf 76' lang='lat' dir='ltr'>²Extremo</span> <span class='ocrx_word' id='word_1_202' title='bbox 373 3498 465 3560; x_wconf 72' lang='lat' dir='ltr'>purte]</span> <span class='ocrx_word' id='word_1_203' title='bbox 494 3499 546 3547; x_wconf 90' lang='lat' dir='ltr'>Ubi</span> <span class='ocrx_word' id='word_1_204' title='bbox 572 3500 641 3548; x_wconf 89' lang='lat' dir='ltr'>Picti</span> <span class='ocrx_word' id='word_1_205' title='bbox 702 3497 815 3562; x_wconf 84' lang='lat' dir='ltr'>⁹Tales.]</span> <span class='ocrx_word' id='word_1_206' title='bbox 834 3499 886 3558; x_wconf 87' lang='lat' dir='ltr'>B.;</span> <span class='ocrx_word' id='word_1_207' title='bbox 903 3497 1013 3559; x_wconf 83' lang='lat' dir='ltr'>talis,A.</span> 
     </span>
     <span class='ocr_line' id='line_1_31' title="bbox 178 3565 1038 3632; baseline 0.001 -14"><span class='ocrx_word' id='word_1_208' title='bbox 178 3569 326 3618; x_wconf 84' lang='lat' dir='ltr'>habitabant</span> <span class='ocrx_word' id='word_1_209' title='bbox 336 3566 485 3629; x_wconf 86' lang='lat' dir='ltr'>antiquitus,</span> <span class='ocrx_word' id='word_1_210' title='bbox 496 3567 530 3618; x_wconf 87' lang='lat' dir='ltr'>A.</span> <span class='ocrx_word' id='word_1_211' title='bbox 541 3584 621 3632; x_wconf 80' lang='lat' dir='ltr'>marg.</span> <span class='ocrx_word' id='word_1_212' title='bbox 702 3565 722 3598; x_wconf 72' lang='lat'>¹²</span> <span class='ocrx_word' id='word_1_213' title='bbox 736 3568 860 3631; x_wconf 78' lang='lat' dir='ltr'>Omnino]</span> <span class='ocrx_word' id='word_1_214' title='bbox 878 3573 892 3616; x_wconf 93' lang='lat' dir='ltr'>l</span> <span class='ocrx_word' id='word_1_215' title='bbox 906 3568 964 3617; x_wconf 88' lang='lat' dir='ltr'>Cor.</span> <span class='ocrx_word' id='word_1_216' title='bbox 976 3583 1001 3618; x_wconf 86' lang='lat' dir='ltr'><strong><em>v.</em></strong></span> <span class='ocrx_word' id='word_1_217' title='bbox 1014 3573 1038 3619; x_wconf 91' lang='lat'>1.</span> 
     </span>
    </p>

    <p class='ocr_par' dir='ltr' id='par_1_7' title="bbox 183 3637 972 3773">
     <span class='ocr_line' id='line_1_32' title="bbox 213 3637 945 3702; baseline -0.003 -14"><span class='ocrx_word' id='word_1_218' title='bbox 213 3638 224 3670; x_wconf 85' lang='lat'><strong>⁴</strong></span> <span class='ocrx_word' id='word_1_219' title='bbox 245 3638 430 3701; x_wconf 61' lang='lat' dir='ltr'>Contritioaes]</span> <span class='ocrx_word' id='word_1_220' title='bbox 455 3638 642 3702; x_wconf 88' lang='lat' dir='ltr'>Contentiones,</span> <span class='ocrx_word' id='word_1_221' title='bbox 704 3637 724 3669; x_wconf 84' lang='lat'>¹⁴</span> <span class='ocrx_word' id='word_1_222' title='bbox 735 3637 818 3699; x_wconf 71' lang='lat' dir='ltr'>Fuit]</span> <span class='ocrx_word' id='word_1_223' title='bbox 842 3640 897 3688; x_wconf 85' lang='lat' dir='ltr'><strong><em>Om.</em></strong></span> <span class='ocrx_word' id='word_1_224' title='bbox 914 3639 945 3687; x_wconf 89' lang='lat' dir='ltr'>V.</span> 
     </span>
     <span class='ocr_line' id='line_1_33' title="bbox 183 3707 972 3773; baseline -0.005 -13"><span class='ocrx_word' id='word_1_225' title='bbox 183 3711 215 3761; x_wconf 88' lang='lat' dir='ltr'>V.</span> <span class='ocrx_word' id='word_1_226' title='bbox 373 3749 379 3760; x_wconf 91' lang='lat'>.</span> <span class='ocrx_word' id='word_1_227' title='bbox 704 3707 724 3740; x_wconf 86' lang='lat'>¹⁴</span> <span class='ocrx_word' id='word_1_228' title='bbox 737 3711 794 3773; x_wconf 74' lang='lat' dir='ltr'>Et]</span> <span class='ocrx_word' id='word_1_229' title='bbox 816 3709 865 3768; x_wconf 86' lang='lat' dir='ltr'>V.;</span> <span class='ocrx_word' id='word_1_230' title='bbox 881 3707 972 3758; x_wconf 70' lang='lat' dir='ltr'><strong><em>omA.</em></strong></span> 
     </span>
    </p>

    <p class='ocr_par' dir='ltr' id='par_1_8' title="bbox 179 3772 1132 3902">
     <span class='ocr_line' id='line_1_34' title="bbox 213 3772 1132 3848; baseline -0.002 -20"><span class='ocrx_word' id='word_1_231' title='bbox 213 3778 223 3810; x_wconf 81' lang='lat'><em>⁵</em></span> <span class='ocrx_word' id='word_1_232' title='bbox 235 3772 370 3846; x_wconf 62' lang='lat' dir='ltr'>ladmen]</span> <span class='ocrx_word' id='word_1_233' title='bbox 384 3777 547 3842; x_wconf 75' lang='lat' dir='ltr'>orientibus,</span> <span class='ocrx_word' id='word_1_234' title='bbox 557 3778 591 3829; x_wconf 92' lang='lat' dir='ltr'>A.</span> <span class='ocrx_word' id='word_1_235' title='bbox 600 3782 642 3828; x_wconf 83' lang='lat' dir='ltr'>ud-</span> <span class='ocrx_word' id='word_1_236' title='bbox 703 3778 723 3810; x_wconf 81' lang='lat'>¹⁶</span> <span class='ocrx_word' id='word_1_237' title='bbox 733 3774 875 3848; x_wconf 70' lang='lat' dir='ltr'>Accidere]</span> <span class='ocrx_word' id='word_1_238' title='bbox 893 3778 928 3829; x_wconf 90' lang='lat' dir='ltr'>B.</span> <span class='ocrx_word' id='word_1_239' title='bbox 944 3779 992 3840; x_wconf 87' lang='lat' dir='ltr'>V.;</span> <span class='ocrx_word' id='word_1_240' title='bbox 1003 3777 1132 3841; x_wconf 85' lang='lat' dir='ltr'>accedere,</span> 
     </span>
     <span class='ocr_line' id='line_1_35' title="bbox 179 3851 701 3902; baseline 0.004 -3"><span class='ocrx_word' id='word_1_241' title='bbox 179 3851 226 3902; x_wconf 86' lang='lat' dir='ltr'>dit.</span> <span class='ocrx_word' id='word_1_242' title='bbox 667 3851 701 3901; x_wconf 98' lang='lat' dir='ltr'>A.</span> 
     </span>
    </p>

    <p class='ocr_par' dir='ltr' id='par_1_9' title="bbox 214 3915 966 3988">
     <span class='ocr_line' id='line_1_36' title="bbox 214 3915 966 3988; baseline 0.001 -20"><span class='ocrx_word' id='word_1_243' title='bbox 214 3920 225 3950; x_wconf 59' lang='grc' dir='ltr'><strong>ὅ</strong></span> <span class='ocrx_word' id='word_1_244' title='bbox 236 3920 374 3982; x_wconf 75' lang='lat' dir='ltr'>Desolata]</span> <span class='ocrx_word' id='word_1_245' title='bbox 390 3919 522 3981; x_wconf 87' lang='lat' dir='ltr'>Desolatc,</span> <span class='ocrx_word' id='word_1_246' title='bbox 533 3920 568 3969; x_wconf 87' lang='grc' dir='ltr'>Β.</span> <span class='ocrx_word' id='word_1_247' title='bbox 704 3917 724 3950; x_wconf 77' lang='lat'>¹⁶</span> <span class='ocrx_word' id='word_1_248' title='bbox 735 3915 793 3988; x_wconf 74' lang='lat' dir='ltr'>Ec]</span> <span class='ocrx_word' id='word_1_249' title='bbox 815 3921 845 3970; x_wconf 89' lang='lat' dir='ltr'>V.</span> <span class='ocrx_word' id='word_1_250' title='bbox 856 3937 863 3980; x_wconf 78' lang='lat'>3</span> <span class='ocrx_word' id='word_1_251' title='bbox 874 3935 921 3969; x_wconf 75' lang='lat' dir='ltr'>orn.</span> <span class='ocrx_word' id='word_1_252' title='bbox 932 3918 966 3969; x_wconf 92' lang='lat' dir='ltr'>A.</span> 
     </span>
    </p>

    <p class='ocr_par' dir='ltr' id='par_1_10' title="bbox 214 3984 1089 4054">
     <span class='ocr_line' id='line_1_37' title="bbox 214 3984 1089 4054; baseline 0 -15"><span class='ocrx_word' id='word_1_253' title='bbox 214 3984 225 4016; x_wconf 75' lang='lat'><strong>⁶</strong></span> <span class='ocrx_word' id='word_1_254' title='bbox 238 3990 373 4054; x_wconf 58' lang='lat' dir='ltr'>cicatrix]</span> <span class='ocrx_word' id='word_1_255' title='bbox 390 3991 486 4053; x_wconf 80' lang='lat' dir='ltr'>Famis,</span> <span class='ocrx_word' id='word_1_256' title='bbox 496 3989 530 4040; x_wconf 92' lang='lat' dir='ltr'>A.</span> <span class='ocrx_word' id='word_1_257' title='bbox 542 3989 620 4040; x_wconf 81' lang='lat' dir='ltr'>addit.</span> <span class='ocrx_word' id='word_1_258' title='bbox 703 3987 723 4021; x_wconf 76' lang='lat'>²¹</span> <span class='ocrx_word' id='word_1_259' title='bbox 736 3991 814 4054; x_wconf 77' lang='lat' dir='ltr'>Sola]</span> <span class='ocrx_word' id='word_1_260' title='bbox 830 3991 956 4052; x_wconf 81' lang='lat' dir='ltr'>Justitiae,</span> <span class='ocrx_word' id='word_1_261' title='bbox 965 3988 999 4039; x_wconf 92' lang='lat' dir='ltr'>A.</span> <span class='ocrx_word' id='word_1_262' title='bbox 1011 3989 1089 4039; x_wconf 75' lang='lat' dir='ltr'>acuit.</span> 
     </span>
    </p>

    <p class='ocr_par' dir='ltr' id='par_1_11' title="bbox 177 4056 1132 4266">
     <span class='ocr_line' id='line_1_38' title="bbox 213 4056 1132 4125; baseline -0.002 -15"><span class='ocrx_word' id='word_1_263' title='bbox 213 4056 224 4088; x_wconf 76' lang='lat'><strong>⁶</strong></span> <span class='ocrx_word' id='word_1_264' title='bbox 238 4060 396 4125; x_wconf 66' lang='lat' dir='ltr'>Obducitua]</span> <span class='ocrx_word' id='word_1_265' title='bbox 408 4062 496 4124; x_wconf 80' lang='lat' dir='ltr'>Fame,</span> <span class='ocrx_word' id='word_1_266' title='bbox 502 4062 537 4110; x_wconf 94' lang='grc' dir='ltr'>Β.</span> <span class='ocrx_word' id='word_1_267' title='bbox 548 4061 642 4121; x_wconf 78' lang='lat' dir='ltr'>addit.;</span> <span class='ocrx_word' id='word_1_268' title='bbox 703 4057 724 4092; x_wconf 73' lang='lat'>²³</span> <span class='ocrx_word' id='word_1_269' title='bbox 737 4060 910 4123; x_wconf 54' lang='lat' dir='ltr'>Crudelioresd</span> <span class='ocrx_word' id='word_1_270' title='bbox 932 4060 1132 4122; x_wconf 81' lang='lat' dir='ltr'>crudelioribus,</span> 
     </span>
     <span class='ocr_line' id='line_1_39' title="bbox 178 4131 704 4195; baseline 0.006 -15"><span class='ocrx_word' id='word_1_271' title='bbox 178 4132 314 4181; x_wconf 85' lang='lat' dir='ltr'>obducitur</span> <span class='ocrx_word' id='word_1_272' title='bbox 323 4131 408 4195; x_wconf 81' lang='lat' dir='ltr'>famis,</span> <span class='ocrx_word' id='word_1_273' title='bbox 418 4131 471 4182; x_wconf 83' lang='lat' dir='ltr'>alia</span> <span class='ocrx_word' id='word_1_274' title='bbox 480 4131 643 4182; x_wconf 79' lang='lat' dir='ltr'>virulentiore</span> <span class='ocrx_word' id='word_1_275' title='bbox 670 4133 704 4183; x_wconf 92' lang='grc' dir='ltr'>Β.</span> 
     </span>
     <span class='ocr_line' id='line_1_40' title="bbox 177 4199 1132 4266; baseline -0.002 -14"><span class='ocrx_word' id='word_1_276' title='bbox 177 4203 262 4266; x_wconf 83' lang='lat' dir='ltr'>tacite,</span> <span class='ocrx_word' id='word_1_277' title='bbox 278 4203 309 4253; x_wconf 91' lang='lat' dir='ltr'><strong><em>V.</em></strong></span> <span class='ocrx_word' id='word_1_278' title='bbox 703 4199 895 4265; x_wconf 49' lang='lat' dir='ltr'>enarrarent]</span> <span class='ocrx_word' id='word_1_279' title='bbox 914 4201 1080 4264; x_wconf 83' lang='lat' dir='ltr'>Exsisterent,</span> <span class='ocrx_word' id='word_1_280' title='bbox 1102 4200 1132 4251; x_wconf 93' lang='lat' dir='ltr'>V.</span> 
     </span>
    </p>
   </div>
   <div class='ocr_carea' id='block_1_5' title="bbox 0 0 1486 4884">
    <p class='ocr_par' dir='ltr' id='par_1_12' title="bbox 0 0 1486 4884">
     <span class='ocr_line' id='line_1_41' title="bbox 0 0 1486 4884; baseline 0 0"><span class='ocrx_word' id='word_1_281' title='bbox 0 0 1486 4884; x_wconf 95' lang='lat' dir='ltr'> </span> 
     </span>
    </p>
   </div>
  </div>
 </body>
</html>
