2940 4884
520 414 692 462 nrrsronn
716 416 845 464 ornum.
1115 401 1158 463 47

206 573 267 637 lite
278 572 404 657 jugum
423 591 537 636 meum
558 592 752 656 superruo,
767 580 803 637 et
819 572 947 638 'discite
962 593 984 637 a
997 593 1063 651 me,
1077 574 1161 656 quia

206 673 300 738 mitis
324 693 401 737 sum
415 680 450 737 et
463 673 602 737 humilis
625 674 740 752 corde,
763 680 798 738 et
811 674 993 739 invenietis
1007 676 1160 757 requiem

208 776 388 838 animabus
416 775 552 839 vestris,
605 773 699 838 Nam
724 776 754 838 si
778 775 854 839 hacc
877 776 990 839 surdis
1020 776 1160 838 auribus

209 876 342 952 audiaS,
359 874 555 957 Prophetas
578 882 792 954 contemnaS,
815 875 991 941 Christum
1013 876 1160 959 despici-

180 993 268 1055 sas3
297 995 441 1059 nosque,
456 977 537 1040 licet
551 976 727 1042 vilissimae
744 978 923 1059 qualitatis
946 978 1065 1055 simuS,
1084 978 1161 1040 nul-

209 1076 276 1140 lius
312 1077 478 1140 momenti
505 1076 623 1154 durae,
650 1076 888 1159 propheticum
912 1078 998 1142 illud
1028 1079 1163 1141 sincera

211 1176 317 1240 animi
340 1177 491 1259 puritate
518 1185 709 1255 servantes,
739 1184 914 1259 utcunque
940 1179 971 1240 si
1000 1198 1071 1242 non
1097 1198 1162 1260 ego

211 1277 398 1360 implevero
421 1277 657 1342 fortitudinem
681 1279 718 1340 in
741 1279 863 1361 spiritu
889 1286 925 1342 et
946 1279 1072 1343 virtute
1089 1278 1162 1342 Do-

211 1378 307 1455 mini,
323 1384 362 1441 ut
375 1378 557 1442 enunciam
572 1378 688 1443 domui
703 1378 815 1443 Jacob
830 1386 974 1462 peccata
997 1398 1115 1442 eorum
1128 1387 1165 1442 et

167 1497 199 1542 ro
213 1478 329 1542 domui
343 1478 454 1542 Israel
470 1480 601 1543 scelera
622 1498 753 1558 eorum,
768 1499 811 1543 ne
827 1481 934 1543 simus
951 1499 1056 1543 canes
1077 1479 1164 1543 muti

213 1599 283 1643 non
311 1579 468 1644 valentes
495 1580 635 1643 latrare.
688 1580 736 1643 Et
760 1580 846 1644 illud
876 1580 1082 1657 Salomonis,
1114 1581 1166 1644 ita

213 1679 371 1757 dicentis,
396 1680 467 1758 Qui
496 1680 579 1745 dicit
607 1680 751 1763 impium
774 1681 910 1765 justum
945 1700 1033 1758 esse,
1057 1680 1165 1744 male·

214 1780 326 1844 dictus
349 1781 415 1844 erit
436 1781 574 1863 populis
600 1787 635 1844 et
659 1780 795 1844 odibilis
818 1782 990 1864 gentibus,
1004 1801 1084 1845 nam
1107 1781 1167 1864 qui

215 1888 367 1962 arguunt
380 1881 524 1945 meliora
546 1883 745 1964 sperabunt.
797 1881 844 1946 Et
859 1883 996 1961 iterum,
1012 1881 1095 1946 Non
1111 1903 1164 1946 re-

171 1996 200 2042 15
215 1982 364 2046 verearis
389 1983 585 2064 proximum
609 1981 646 2044 in
668 2000 787 2045 casum
804 2001 916 2060 suum,
931 2002 994 2046 nec
1008 1984 1167 2046 retineas

215 2083 358 2146 verbum
379 2083 416 2145 in
438 2090 592 2165 tempore
607 2082 741 2147 salutis
794 2081 965 2165 Itemque,
981 2082 1073 2146 Erue
1095 2102 1168 2160 ecc,

216 2184 277 2264 qui
291 2183 465 2246 ducuntur
477 2183 522 2245 ad
536 2190 693 2260 mortem,
707 2190 743 2247 et
757 2183 922 2247 redimere
944 2202 1016 2260 ece,
1032 2184 1093 2265 qui
1114 2184 1167 2246 in-

217 2283 443 2361 terficiantur,
469 2303 511 2346 ne
536 2302 679 2365 parcas3
705 2282 798 2363 Quia
821 2304 891 2348 non
905 2283 1106 2366 proderunt,
1128 2291 1168 2348 ut

217 2383 308 2447 idem
322 2382 500 2466 Propheta
522 2383 583 2461 ait,
603 2383 733 2448 divitiae
755 2385 793 2448 in
815 2385 869 2448 die
891 2386 965 2463 irae,
983 2384 1123 2468 justitia
1145 2403 1167 2448 a

171 2507 204 2553 ro
217 2491 328 2548 morte
349 2484 484 2549 liberat.
538 2484 576 2548 Si
593 2484 712 2569 justus
732 2485 871 2567 quidem
885 2484 947 2550 vix
967 2485 1085 2550 salvus
1109 2485 1167 2562 sit,

218 2585 343 2668 impius
358 2591 394 2649 et
407 2591 569 2667 peccator
582 2586 641 2649 ubi
655 2586 815 2668 parebit?
868 2584 934 2649 Ille
956 2585 1111 2668 profecto
1133 2592 1169 2649 tc

219 2687 420 2749 tenebrosus
448 2686 588 2750 Tartari
618 2692 752 2750 torrens
782 2685 881 2750 ferali
908 2692 1037 2763 rotatu,
1068 2685 1170 2748 undis

219 2786 292 2850 acsi
320 2787 506 2864 acerrimis,
537 2786 694 2852 involvet
728 2806 862 2869 semper
890 2787 1105 2850 cruciaturus
1136 2792 1171 2849 et

219 2893 397 2970 nunquam
419 2894 673 2965 consumtum,
696 2889 752 2951 cui
774 2895 856 2951 tunc
879 2888 944 2952 erit
967 2906 1045 2950 sera
1065 2886 1171 2950 inuti·

173 3010 205 3055 aa
218 2987 330 3070 lisque
352 3007 467 3070 poenae
487 2989 626 3052 oculata
648 2989 800 3071 cognitio
823 3008 864 3051 ac
887 2988 970 3052 mali
982 2986 1172 3070 plenitudo,

220 3108 243 3151 a
264 3109 345 3170 quo,
358 3089 394 3152 in
411 3088 474 3153 hoc
498 3095 651 3171 tempore
671 3097 813 3172 accepto
836 3097 871 3153 et
894 3088 948 3152 die
971 3088 1106 3165 salutis„
1129 3086 1174 3150 ad

220 3197 353 3254 rectum
368 3190 450 3253 vitae
465 3190 532 3252 iter
547 3189 702 3253 differtur
717 3190 920 3255 conversio'

273 3289 357 3372 §32
382 3288 453 3353 Hic
479 3308 575 3367 sane,
601 3290 656 3354 vel
684 3297 800 3367 antea,
830 3288 1065 3353 concludenda
1088 3294 1174 3365 erat,
1186 3294 1316 3386 §gagglsjr

221 3389 273 3452 uti
288 3410 331 3452 ne
345 3389 493 3471 amplius
507 3390 706 3471 loqueretur
718 3409 757 3454 os
773 3396 929 3453 nostrum
945 3408 1051 3470 opera
1066 3387 1175 3452 homi-

177 3517 209 3562 30
222 3509 316 3566 num,
332 3497 406 3553 tam
421 3488 543 3552 flebilis
563 3489 638 3554 haec
659 3490 868 3571 querelaque
888 3489 1056 3553 malorum
1070 3487 1175 3571 hujus

222 3591 289 3655 aevi
308 3589 472 3668 historia3
497 3589 557 3653 sed
580 3609 624 3653 ne
638 3589 878 3654 formidolosos
898 3608 962 3654 nos
983 3595 1044 3652 aut
1063 3588 1176 3652 lassos

221 3697 357 3774 putent,
385 3690 569 3772 quominus
595 3690 680 3754 illud
705 3691 894 3755 Esaianum
913 3689 1177 3772 infatigabiliter

240 4057 243 4062 ¹
259 3997 269 4027 ⁸
286 3999 488 4063 Fortitudinem]
511 3999 559 4061 V.;
576 4014 622 4048 om.
634 3999 669 4048 B.
753 3995 773 4028 ¹⁹
784 3996 929 4060 Prquretu]
948 3997 1024 4045 Prov.
1036 3996 1072 4045 xi.
1085 3999 1109 4045 4.

260 4069 280 4102 ¹¹
293 4063 450 4137 Salomonis]
469 4070 545 4119 Prov.
557 4070 628 4118 xxiii.
641 4073 682 4118 24.
751 4065 772 4098 ¹⁰
784 4065 924 4128 Sijurtus]
941 4070 953 4114 l
968 4067 1026 4115 Pet.
1037 4067 1071 4114 iv.
1084 4069 1125 4114 18.

260 4139 280 4172 ¹⁴
292 4141 408 4204 Iterum]
425 4141 496 4190 Eccl.
508 4141 542 4189 iv.
553 4145 594 4189 27.
750 4135 771 4170 ³¹
783 4138 937 4200 Erulorum]
949 4137 1011 4186 lsai.
1022 4152 1047 4186 v.
1059 4140 1101 4186 2⁰.

261 4210 281 4243 ¹⁶
293 4211 422 4275 itemqua]
441 4212 518 4260 Prov.
530 4212 601 4261 xxiv.
613 4214 652 4260 11.
